3309 4775
615 406 659 460 1.
700 405 894 460 DEUS
935 404 1306 458 GREATOR.
1363 434 1428 443 —
1483 405 1846 459 OMMPOT.
1890 406 2194 464 OMMSC.
2239 407 2545 462 OMMPR.
2626 420 2696 470 89

770 564 868 624 78.
924 558 1219 625 Postridie
1247 557 1320 621 ad
1350 581 1442 623 me
1475 570 1767 625 venerunt
1794 561 2004 647 aliqui,
2056 582 2128 624 ex
2156 561 2444 636 Cohorte,
2499 564 2596 649 qui
2635 566 2694 627 in

611 662 754 729 Fide
787 660 1220 749 praedestinata
1252 669 1308 722 et
1335 661 1619 747 imputata
1648 671 1850 738 erant,
1895 672 1950 725 et
1981 661 2285 739 dixerunt,
2324 686 2524 728 sumus
2548 667 2697 729 sicut

609 762 950 839 temulenti,
994 782 1114 825 non
1155 783 1224 824 ex
1258 762 1430 837 vino,
1482 762 1580 825 sed
1610 782 1684 824 ex
1726 784 2001 827 sermone
2044 762 2316 827 hesterno
2358 766 2521 830 istius
2567 767 2696 842 viri,

610 867 888 952 loquutus
913 871 999 927 est
1029 864 1100 926 de
1128 861 1568 950 Omnipotentia
1601 872 1659 925 et
1688 864 1861 927 simul
1904 864 1976 928 de
2005 864 2261 941 Ordine,
2312 874 2369 929 et
2412 868 2696 932 conclusit

584 965 768 1053 ·quod
808 965 957 1029 sicut
988 964 1432 1051 omnipotentia
1463 973 1549 1028 est
1574 963 1824 1041 Divina,
1876 965 1955 1029 ita
1996 966 2171 1029 etiam
2214 966 2380 1032 Ordo
2417 967 2491 1031 sit
2532 969 2695 1032 Divi·

611 1088 751 1141 nus,
805 1066 922 1129 imo
954 1065 1111 1152 quod
1139 1065 1258 1151 ipse
1287 1065 1447 1130 Deus
1472 1065 1544 1129 sit
1572 1063 1771 1141 Ordo,
1825 1075 1883 1129 et
1924 1065 2065 1129 dixit
2106 1066 2263 1154 quod
2303 1067 2541 1132 totidem
2580 1070 2697 1134 sint

612 1168 773 1256 leges
797 1166 1063 1241 Ordinis,
1119 1176 1261 1253 quot
1293 1168 1569 1231 veritates
1596 1166 1654 1228 in
1683 1166 1913 1244 Verbo,
1960 1188 2109 1253 quae
2140 1189 2260 1231 non
2290 1169 2465 1233 modo
2494 1169 2695 1235 chilia-

613 1268 715 1335 des
754 1277 928 1344 sunt,
973 1267 1072 1330 sed
1121 1268 1416 1357 myriades
1455 1266 1818 1356 myriadum,
1873 1276 1931 1330 et
1971 1267 2127 1354 quod
2173 1268 2334 1332 Deus
2375 1272 2692 1335 obstrictus

580 1369 681 1435 ‘sit
707 1370 780 1434 ad
810 1391 945 1433 suas
972 1368 1130 1453 leges
1155 1367 1267 1443 ibi,
1318 1379 1374 1430 et
1415 1366 1573 1454 quod
1600 1367 1779 1432 bomo
1813 1368 1886 1432 ad
1915 1390 2079 1441 suas;
2133 1370 2272 1456 quid
2312 1381 2451 1434 tunc
2478 1372 2690 1437 Omni-

611 1471 869 1558 potentia
900 1469 1145 1542 Divina,
1200 1470 1249 1533 si
1287 1469 1466 1554 ligata
1501 1477 1586 1533 est
1614 1470 1872 1555 legibus,
1921 1469 2004 1533 sic
2043 1472 2254 1534 etenim
2299 1471 2375 1534 ah
2402 1472 2688 1559 Omnipo-

611 1573 788 1634 tentia
820 1594 996 1635 omne
1026 1571 1360 1635 absolutum
1402 1569 1653 1646 recedit,
1708 1579 1869 1635 estne
1909 1572 1990 1634 sic
2032 1571 2161 1635 Deo
2206 1573 2399 1640 minor
2437 1584 2693 1657 potestas

606 1695 781 1760 quam
809 1672 961 1758 Regi
991 1672 1197 1737 Mundi
1230 1672 1326 1759 qui
1341 1680 1441 1734 -est
1467 1669 1824 1744 Monarcha,
1881 1671 1973 1735 hic
2012 1681 2201 1757 potest
2239 1673 2396 1759 leges
2435 1674 2688 1757 justitiae

604 1782 838 1837 vertere
884 1774 1030 1837 sicut
1076 1794 1212 1838 suas
1254 1773 1509 1860 palmas,
1563 1794 1633 1836 ac
1678 1792 1854 1859 agere
1907 1772 2174 1837 absolute
2217 1775 2366 1837 sicut
2405 1773 2690 1840 Octavius

597 1872 932 1962 Augustus,
986 1884 1041 1938 et
1075 1896 1309 1961 quoque
1339 1874 1606 1937 absolute
1632 1874 1784 1938 sicut
1809 1873 2003 1946 Nero;
2058 1896 2165 1938 nos
2196 1883 2501 1960 postquam
2534 1878 2690 1962 cogi-

596 1977 862 2040 tavimus
897 1976 969 2040 de
1000 1976 1443 2062 Omnipotentia
1482 1974 1556 2038 ad
1598 1975 1758 2060 leges
1797 1975 2010 2061 ligata,
2063 1985 2340 2063 tanquam
2385 1977 2690 2041 temulenti

593 2076 748 2141 facti
801 2099 1028 2153 sumuS,
1098 2099 1168 2140 ac
1215 2078 1383 2165 proni
1436 2075 1509 2138 ad
1559 2075 1911 2162 deliquium,
1963 2075 2009 2140 si
2059 2098 2176 2141 non
2219 2077 2414 2141 subito
2462 2079 2685 2143 medela

586 2176 878 2250 affertur3
936 2200 1040 2243 nos
1085 2178 1239 2241 enim
1285 2200 1354 2240 ex
1400 2176 1513 2240 fide
1556 2185 1757 2241 nostra
1804 2177 2138 2255 oravimus,
2190 2189 2253 2242 ut
2301 2179 2466 2254 Deus
2509 2180 2702 2244 Pater‘

589 2280 794 2344 nostri
838 2280 1186 2343 misereatur
1231 2288 1472 2365 propter
1516 2277 1728 2342 Filium
1776 2300 1982 2353 suum,
2036 2289 2105 2361 et,
2142 2279 2493 2344 credidimus
2532 2283 2687 2367 quod

582 2380 863 2446 misereri
914 2381 1093 2466 possit
1141 2380 1304 2466 cujus
1350 2379 1545 2455 lubet,
1598 2402 1671 2443 ac
1713 2380 2013 2443 remittere
2056 2390 2293 2468 peccata
2337 2382 2431 2446 cui
2479 2380 2689 2469 placet,

583 2505 658 2549 ac
705 2482 948 2548 salvare
995 2503 1168 2568 quem
1221 2481 1378 2557 vult,
1431 2492 1488 2543 et
1533 2502 1650 2545 non
1696 2480 1820 2544 ausi
1862 2503 2061 2546 sumus
2103 2482 2339 2567 aliquod
2385 2483 2687 2545 minimum

582 2581 951 2648 subtrahere
992 2604 1063 2645 ex
1103 2582 1544 2670 omnipotentia
1585 2580 1805 2670 Ipsius,
1856 2604 2039 2669 quare
2085 2583 2454 2666 obstringere
2498 2582 2688 2646 Deum

581 2684 932 2770 aliquarum
961 2704 1198 2746 suarum
1240 2684 1431 2768 legum
1476 2683 1697 2746 catenis
1737 2683 2045 2768 aspicimus
2085 2692 2150 2744 ut
2189 2680 2391 2757 nefas,
2445 2683 2580 2767 quia
2628 2692 2691 2744 ut

582 2782 1124 2849 contradictorium
1166 2784 1645 2870 omnipotentiae
1688 2782 1887 2870 Ipsius.
1962 2783 2074 2846 His
2112 2783 2278 2846 dictis
2317 2783 2688 2870 inspexerunt

576 2879 750 2962 me,'
779 2892 839 2947 et
866 2905 975 2968 ego
1003 2883 1162 2959 illos,
1215 2893 1271 2946 et
1304 2883 1419 2945 vidi
1447 2884 1759 2956 attonitoS,
1811 2892 1865 2947 et
1897 2881 2043 2957 dixi,
2095 2883 2434 2969 supplicabo
2463 2884 2535 2947 ad
2562 2883 2687 2947 Do-

577 2988 860 3063 minum,
911 2995 970 3048 et
998 2982 1236 3048 afferam
1267 2984 1401 3046 inde
1430 2981 1749 3058 medelam,
1802 2982 2145 3047 illustrando
2186 2984 2337 3048 hanc
2375 3005 2531 3061 rem,
2584 2985 2685 3050 sed

572 3109 752 3153 nunc
781 3086 1066 3149 duntaxat
1098 3107 1201 3174 per
1227 3083 1522 3171 exempla,
1577 3094 1636 3147 et
1664 3083 1808 3155 dixi;
1860 3084 2017 3148 Deus
2043 3084 2430 3173 Omnipotens
2459 3088 2685 3149 creavit

524 3180 529 3184 ⁴
571 3188 885 3257 Mundum
916 3208 987 3250 ex
1015 3187 1240 3252 Ordine
1269 3187 1327 3249 in
1358 3207 1451 3258 se,
1492 3186 1570 3247 ita
1601 3185 1658 3246 in
1687 3184 1971 3250 Ordinem
2000 3186 2058 3249 in
2089 3209 2207 3272 quo
2234 3187 2336 3263 sit,
2382 3208 2453 3250 ac
2477 3209 2685 3251 secun-

573 3293 727 3356 dum
783 3311 958 3375 quem
999 3299 1194 3374 regat,
1249 3309 1317 3350 ac
1354 3287 1561 3350 indidit
1606 3286 1900 3351 Universo
1932 3297 1990 3350 et
2035 3288 2304 3359 omnibus
2345 3298 2402 3350 et
2443 3289 2686 3374 singulis

544 3392 714 3480 'ejus
744 3412 919 3455 suum
951 3391 1251 3464 ordinem,
1302 3387 1523 3451 homini
1551 3410 1753 3463 suum,
1808 3387 2028 3452 bestiae
2054 3411 2256 3465 suum,
2311 3390 2405 3453 avi
2448 3398 2504 3452 et
2545 3390 2685 3476 pisci

564 3515 790 3565 suum,
848 3492 1036 3555 vermi
1064 3512 1266 3565 suum,
1319 3489 1503 3552 cuivis
1530 3489 1761 3562 arbori,
1812 3490 1928 3551 imo
1957 3491 2207 3575 gramini
2236 3512 2438 3559 suum:
2491 3491 2592 3554 sed
2625 3500 2687 3552 ut

569 3591 861 3677 exempla
891 3590 1215 3666 illustrent,
1269 3589 1532 3654 breviter
1555 3591 1841 3653 adducam
1870 3592 2206 3677 sequentia;
2263 3593 2421 3676 leges
2447 3591 2689 3654 Ordinis

558 3676 816 3761 bomini
847 3692 1097 3755 indictae
1124 3701 1289 3768 sunt,
1331 3700 1392 3753 ut
1421 3691 1600 3755 homo
1626 3691 1896 3776 acquirat
1923 3691 2030 3755 sibi
2060 3692 2340 3756 veritates
2370 3713 2439 3753 ex
2465 3691 2687 3769 Verb0,

563 3820 646 3862 ac
679 3793 1075 3870 naturaliter,
1128 3805 1181 3855 et
1213 3801 1496 3878 quantum
1534 3792 1721 3865 valet,
1774 3793 2141 3857 rationaliter
2174 3794 2390 3878 cogitet
2425 3792 2584 3868 illas,
2628 3805 2687 3856 et

558 3900 654 3968 sic
687 3895 881 3960 fidem
911 3895 1238 3957 naturalem
1265 3893 1378 3958 sibi
1418 3901 1751 3979 comparet;
1804 3892 1959 3978 leges
1988 3894 2227 3957 Ordinis
2269 3903 2406 3957 tunc
2446 3916 2477 3957 a
2520 3903 2685 3979 parte

556 4000 683 4068 Dei
734 4004 917 4072 sunt,
972 3995 1127 4081 quod
1172 3980 1636 4083 apprtspinquet,
1689 3994 1930 4079 impleat
1982 3994 2261 4058 veritates
2316 3994 2532 4059 Divina
2581 4014 2686 4058 sua

555 4104 742 4177 luce,
801 4107 866 4163 et
900 4097 983 4162 sic
1010 4093 1183 4159 fidem
1224 4097 1347 4182 ejus
1386 4096 1754 4170 naturalem,
1810 4114 1962 4180 quae
2002 4094 2179 4158 modo
2221 4103 2307 4157 est
2351 4093 2590 4157 scientia
2632 4102 2691 4156 et

550 4200 926 4297 persuasio,
981 4196 1195 4261 Divina
1225 4198 1509 4272 essentia,
1559 4196 1644 4261 sic
1684 4205 1741 4260 et
1784 4215 1900 4259 non
1931 4195 2101 4258 aliter
2129 4192 2194 4257 fit
2222 4191 2364 4255 fides
2389 4191 2684 4258 salvifica;

549 4307 758 4378 simile
813 4308 908 4368 est
959 4321 1089 4364 cum
1142 4295 1463 4369 charitate;
1515 4297 1616 4363 sed
1663 4296 1924 4363 breviter
1975 4289 2409 4357 recensebimus
2455 4288 2685 4368 aliqum
