3309 4775
300 358 352 417 W

295 536 359 603 {Q

302 625 359 703 Q

295 723 359 792 ,HM

310 850 345 890 su

298 931 357 995 teir

293 2981 327 3146 zwn-

976 380 1050 432 lL
1136 380 2173 447 QOMINUSREDEMPTOR.
2525 395 2627 444 MS

519 537 593 601 ad
650 535 928 599 Sa‘nctam
985 533 1508 608 Communionem‚
1563 534 1728 610 For,
1779 532 1957 598 when
2002 558 2099 598 we
2141 532 2496 627 spiritually
2532 552 2632 603 eat

518 635 617 702 the
641 635 816 722 flesse
849 630 936 722 of*
965 633 1164 699 Christ
1203 634 1334 699 and
1367 635 1555 700 drink
1599 633 1699 699 the
1730 634 1951 712 blood,
2007 633 2145 700 then
2189 659 2286 700 we
2330 635 2526 700 dwell
2565 642 2628 702 in

522 737 755 812 Christ,
805 735 937 801 and
978 733 1178 799 Christ
1216 739 1278 798 in
1325 761 1427 808 us;
1482 737 1526 799 si
1577 756 1735 799 nunc
1788 737 2089 822 cogitatis,
2145 735 2305 823 quod
2355 735 2469 798 hoc
2509 759 2628 801 non

518 839 651 902 dari
707 837 920 923 possit,
977 836 1085 899 nisi
1141 837 1486 900 Humanum
1537 836 1776 900 Domini
1829 840 1903 901 sit
1948 837 2262 911 Divinum,
2328 836 2631 903 enuntiate

514 939 720 1024 itaque
768 938 1069 1001 Divmmu
1115 937 1467 1001 Humanum
1509 956 1579 998 ex
1621 938 1922 1022 agnitione
1962 938 2019 999 in
2069 938 2457 1023 cogitatione,
2524 938 2629 1004 sed

517 1061 704 1125 usque
751 1059 868 1101 non
918 1047 1266 1122 potuerunt,
1321 1036 1431 1100 suit
1475 1037 1629 1100 enim
1674 1039 1803 1101 idea
1850 1037 1960 1101 illis
2001 1049 2121 1102 tam
2163 1038 2280 1101 alte
2326 1039 2628 1125 impressa,

522 1140 683 1227 quod
714 1139 995 1203 Divinum
1040 1158 1156 1203 non
1199 1148 1390 1224 posset
1431 1158 1555 1201 esse
1590 1138 1968 1211 Humanum,
2023 1148 2079 1202 et
2121 1139 2463 1204 Humanum
2507 1161 2627 1205 non

515 1241 839 1313 Divinum,
907 1246 966 1301 ct
1023 1239 1180 1323 quod
1241 1238 1523 1302 Divinum
1575 1238 1761 1326 Ipsius
1814 1248 1967 1303 e‘sset
2009 1259 2041 1302 a
2090 1239 2308 1302 Divino
2362 1238 2494 1302 Filii
2547 1241 2625 1303 ab

521 1350 803 1411 aeternn,
857 1347 916 1401 et
967 1339 1313 1403 Humanum
1372 1340 1558 1402 simite
1611 1338 1871 1403 humano
1926 1339 2169 1404 alterius
2228 1338 2511 1404 hominis:
2566 1350 2628 1405 at

520 1442 744 1505 dictum
776 1447 860 1503 est
889 1438 1036 1514 illis,
1091 1441 1389 1525 quomodo
1425 1440 1665 1525 potestis
1705 1442 1784 1504 ita
1828 1442 2124 1526 cogitare,
2193 1461 2333 1503 num
2367 1441 2627 1505 rationa-

514 1542 590 1606 lis
620 1544 788 1606 Mens
818 1550 1007 1626 potest
1048 1561 1292 1624 usquam
1334 1544 1631 1626 cogitare,
1683 1540 1840 1626 quod
1885 1540 2094 1627 aliquis
2122 1539 2305 1605 Filius
2334 1559 2369 1603 a
2396 1540 2524 1605 Deo
2552 1541 2628 1606 sit

520 1653 698 1706 natus
726 1642 803 1706 ab
831 1651 1094 1704 aeterno.
1152 1639 1282 1703 vll.
1331 1641 1547 1705 Postea
1575 1650 1999 1705 converterunt
2024 1663 2084 1705 se
2114 1641 2185 1704 ad
2215 1641 2629 1725 Evangelicos,

514 1744 799 1815 dicentes,
828 1741 987 1827 quod
1007 1740 1350 1826 Augustana
1367 1741 1673 1806 Confessio
1700 1751 1759 1805 et
1788 1742 2084 1806 Lutherus
2111 1741 2438 1816 docuerint,
2465 1744 2625 1827 quod

515 1842 703 1908 Filius
727 1828 837 1906 D'ei
866 1851 924 1904 et
955 1842 1136 1906 Filius
1162 1841 1415 1906 hominis
1440 1841 1502 1904 in
1532 1840 1769 1906 Christo
1797 1843 1870 1914 sit
1900 1865 2017 1905 una
2047 1841 2336 1916 Persona,
2378 1853 2437 1905 et
2464 1843 2622 1928 quod

514 1943 655 2030 Ipse
683 1944 859 2007 etiam
888 1944 1083 2029 quoad
1114 1944 1452 2006 Humanam
1479 1943 1773 2013 Naturam
1803 1943 1878 2006 sit
1905 1942 2299 2027 Omnipotens
2331 1953 2388 2006 et
2416 1943 2629 2006 Omni·

513 2066 831 2132 praesens,
886 2052 946 2105 et
986 2043 1142 2130 quod
1181 2044 1378 2128 quoad
1423 2043 1580 2106 illam
1622 2045 1696 2106 ad
1740 2044 2003 2107 dextram
2035 2043 2146 2106 Dei
2179 2043 2373 2106 Patris
2404 2044 2626 2120 sedeat,

510 2155 577 2208 et
620 2146 914 2229 gubernet
944 2144 1141 2208 omnia
1173 2145 1229 2206 in
1260 2143 1451 2207 Caelis
1479 2154 1537 2207 et
1566 2146 1625 2206 in
1651 2144 1885 2219 Terris,
1941 2143 2178 2228 impleat
2221 2154 2433 2209 cuncta
2456 2192 2471 2220 ,
2519 2166 2627 2208 no-

508 2246 747 2310 biscum
794 2246 898 2320 sit,
952 2254 1011 2307 et
1049 2245 1106 2306 in
1150 2244 1322 2307 nobis
1357 2243 1583 2308 habitet
1626 2254 1685 2308 et
1729 2254 2038 2331 operetur;
2093 2255 2150 2306 et
2192 2246 2349 2329 quod
2393 2265 2510 2308 non
2550 2245 2623 2309 sit

508 2345 884 2412 adorationis
911 2342 1237 2409 differentia
1260 2394 1276 2420 ,
1317 2345 1452 2431 quia
1492 2367 1596 2434 per
1622 2345 1933 2421 Naturam,
1975 2365 2127 2432 quae
2157 2349 2437 2421 cernitur,
2482 2347 2625 2410 ado-

506 2457 691 2512 ratur
723 2448 1016 2512 Divinitas
1045 2465 1199 2533 quae
1228 2467 1346 2508 non
1379 2447 1673 2522 cernitur,
1723 2457 1782 2511 et
1815 2448 1970 2532 quod
2012 2446 2069 2509 in
2098 2443 2329 2510 Christo
2357 2447 2519 2512 Deus
2550 2446 2625 2510 sit

508 2548 725 2612 Homo
756 2558 813 2610 et
849 2549 1048 2611 Homo
1076 2548 1271 2612 Deus:
1326 2545 1417 2611 his
1455 2547 1670 2612 auditis
1713 2549 2177 2634 responderunt,
2230 2568 2371 2610 num
2405 2557 2493 2611 est
2524 2547 2625 2620 ita,

503 2657 575 2711 et
611 2649 1178 2734 circumspexerunt,
1225 2657 1282 2710 et
1310 2670 1446 2710 mox
1472 2649 1773 2723 dixerunt,
1821 2646 1970 2711 haec
2000 2649 2157 2732 prius
2186 2667 2304 2710 non
2335 2648 2623 2721 novimus,

501 2770 709 2835 quare
755 2770 870 2810 non
918 2770 1222 2835 possumus
1269 2750 1462 2811 dicere
1507 2749 1788 2812 Divinum
1840 2749 2215 2828 Humanum:
2272 2757 2333 2810 at
2369 2768 2522 2812 unus
2565 2755 2627 2809 et

498 2849 674 2916 alter
701 2848 876 2923 dixit,
922 2848 1170 2933 legimus
1197 2850 1253 2912 id
1283 2858 1341 2914 et
1376 2849 1713 2934 scripsimus
1750 2848 1840 2923 id,
1891 2849 1994 2913 sed
2037 2866 2220 2934 usque
2265 2868 2394 2910 cum
2434 2848 2511 2911 de
2553 2867 2624 2909 eo

498 2949 580 3011 in
625 2948 795 3013 nobis
839 2951 1265 3034 cogitavimus,
1331 2948 1570 3013 fuerunt
1617 2949 1793 3012 modo
1838 2949 2062 3023 verba,
2132 2969 2384 3033 quorum
2431 2947 2621 3011 ideam

498 3049 867 3112 interiorem
900 3071 1017 3112 non
1046 3050 1374 3115 habuimus.
1457 3049 1624 3114 VIII.
1681 3049 1948 3112 Tandem
1980 3048 2245 3111 conversi
2276 3048 2349 3110 ad
2377 3045 2627 3112 Pontifi-

500 3150 645 3214 cios
674 3149 978 3227 dixerunt,
1013 3150 1165 3214 forte
1196 3173 1303 3215 vos
1331 3151 1571 3238 potestis
1600 3150 1904 3212 nominare
1933 3149 2235 3224 DlvmtJM
2262 3149 2627 3222 HUMANUM,

498 3251 660 3337 quia
693 3250 926 3313 creditis
953 3251 1108 3337 quod
1138 3251 1198 3313 in
1243 3262 1437 3315 vestra
1469 3250 1839 3314 Eucharistia
1861 3250 1920 3312 in
1949 3250 2112 3314 Pane
2138 3259 2197 3311 et
2227 3248 2413 3325 Vino,
2464 3257 2523 3311 et
2564 3248 2624 3309 in

496 3350 683 3414 omni
711 3371 914 3414 eorum
949 3361 1111 3438 parte
1139 3353 1210 3415 sit
1250 3352 1477 3437 integer
1504 3349 1801 3422 ChristuS,
1854 3360 1911 3412 et
1953 3370 2189 3434 quoque
2233 3349 2493 3414 adoratis
2531 3346 2628 3433 lp-

491 3474 684 3525 sum,
751 3472 882 3514 cum
934 3453 1273 3516 monstratis
1319 3462 1378 3516 et
1433 3450 1823 3516 circumfertis
1875 3449 2129 3523 hostiaS,
2200 3460 2264 3513 ut
2317 3449 2626 3514 Sanctissi-

492 3573 682 3616 mum
726 3551 948 3626 Deum,
1004 3562 1127 3615 tum
1158 3554 1293 3638 quia
1328 3552 1553 3616 vocatis
1584 3552 1837 3616 Mariam
1866 3551 2182 3638 Deiparam
2223 3571 2327 3637 seu
2367 3548 2483 3613 Dei
2524 3568 2627 3633 ge-

487 3653 840 3726 netricem,
895 3663 1327 3739 consequenter
1364 3652 1681 3739 agnoscitis
1721 3652 1877 3738 quod
1923 3651 2193 3734 genuerit
2233 3651 2455 3725 Deum,
2510 3646 2626 3713 hoc

482 3762 623 3828 est,
671 3752 952 3817 Divinum
985 3753 1364 3823 Humanum;
1411 3763 1469 3816 et
1502 3751 1579 3815 illi
1612 3762 1753 3815 tunc
1781 3752 2098 3815 voluerunt
2123 3751 2431 3814 enuntiare
2461 3748 2628 3822 illud,

476 3852 618 3916 sed
665 3853 804 3938 quia
850 3853 1026 3916 subiit
1072 3864 1214 3916 tunc
1261 3853 1577 3916 materialis
1625 3853 1755 3915 idea
1803 3852 1875 3914 de
1916 3851 2181 3936 Corpore
2209 3861 2287 3930 *et
2324 3850 2625 3935 Sanguine

482 3953 766 4029 Christi,
820 3962 877 4015 et
918 3974 1156 4040 quoque
1201 3952 1342 4018 fides
1371 3953 1529 4039 quod
1560 3953 1904 4016 Humanum
1933 3950 2122 4037 Ipsius
2150 3972 2182 4014 a
2212 3951 2431 4014 Divino
2456 3969 2628 4035 sepa-

473 4053 704 4118 rabile
748 4054 856 4127 sit,
911 4062 967 4116 et
1006 4054 1163 4140 quod
1203 4055 1513 4118 actualiter
1555 4062 1893 4138 separatum
1933 4054 2007 4115 sit
2046 4051 2201 4136 apud
2244 4052 2509 4137 Papam,
2561 4048 2622 4112 in

478 4175 696 4241 quem
729 4154 918 4218 solum
950 4155 1230 4219 Humana
1263 4154 1451 4243 Ipsius
1480 4162 1774 4241 potestaS,
1826 4161 1887 4216 et
1925 4172 2041 4215 non
2082 4151 2299 4215 Divina
2339 4151 2629 4215 translata

469 4262 638 4330 est,
671 4276 792 4319 non
823 4255 1131 4319 enuntiare
1159 4263 1508 4344 potuerunt:
1562 4262 1623 4316 et
1646 4262 1789 4318 tunc
1815 4252 2069 4316 surrexit
2093 4272 2246 4316 unus
2272 4249 2626 4322 Monachus,
