3309 4775
596 415 700 467 138
782 402 1278 467 ‚UNIVERSA
1319 403 1853 457 THEOLOGIA
1898 404 1964 456 N.
2008 402 2053 455 C
2113 403 2223 455 ET
2262 404 2331 459 N.
2373 404 2440 460 E.

589 558 783 623 anima
824 557 975 622 sicut
1016 557 1175 621 omni
1205 558 1302 622 alii
1330 557 1555 621 homini
1574 609 1587 631 ,
1644 557 1801 620 unde
1830 554 1980 620 haec
2008 554 2097 619 Illi
2116 606 2131 632 ,
2188 556 2294 619 nisi
2325 578 2395 620 ex
2424 558 2556 621 Deo
2586 559 2699 624 Pa-

587 668 708 731 tre3
763 659 918 744 quod
946 660 1026 722 ita
1059 658 1153 733 sit,
1195 681 1267 722 ex
1291 657 1493 723 Verbo
1523 656 2040 743 Evangelistarum
2069 657 2306 721 abunde
2334 660 2513 744 patet,
2550 660 2693 743 quid

591 769 732 824 tunc
761 761 921 844 quod
962 769 1212 823 vocatur
1239 759 1422 824 Filius
1458 759 1565 822 nisi
1607 759 1986 833 Humanum,
2038 757 2195 844 quod
2239 779 2272 821 a
2318 759 2537 823 Divino
2576 760 2694 824 Pa-

586 860 694 924 tris
740 869 1084 946 conceptum
1133 867 1249 934 est,
1314 870 1373 923 et
1415 881 1449 924 a
1494 859 1689 925 Maria
1745 859 1985 960 Virgine
2044 870 2278 929 natum;
2330 859 2531 922 Mater
2572 881 2696 923 non
2737 902 2744 905 -

588 970 783 1047 potest
822 961 1130 1046 concipere
1163 958 1467 1035 Animam,
1521 959 1637 1023 hoc
1676 942 1939 1023 totaliter
1981 966 2274 1044 repugnat
2301 958 2543 1034 ordini,
2601 983 2694 1024 se-

586 1064 843 1126 cundum
894 1082 1069 1147 quem
1117 1061 1309 1125 omnis
1352 1060 1532 1125 homo
1575 1060 1871 1132 nascitur;
1925 1081 2034 1122 nec
2079 1068 2270 1146 potest
2308 1058 2471 1123 Deus
2511 1060 2698 1124 Pater

587 1161 790 1225 indere
818 1158 1095 1226 Animam
1125 1182 1194 1225 ex
1225 1182 1287 1225 se
1314 1170 1373 1225 et
1400 1160 1610 1224 deinde
1642 1161 1952 1236 recedere,
2003 1160 2153 1224 sicut
2193 1160 2384 1224 omnis
2424 1171 2595 1247 pater
2635 1161 2695 1224 in

589 1262 845 1334 Mundo,
902 1262 1182 1347 quoniam
1229 1261 1390 1326 Deus
1430 1270 1518 1326 est
1556 1281 1660 1325 sna
1705 1261 1921 1324 Divina
1967 1260 2262 1339 Essentia,
2318 1271 2376 1324 et
2417 1261 2566 1325 haec
2607 1273 2695 1327 est

585 1384 701 1426 una
730 1372 789 1426 et
816 1362 1140 1436 individua,
1171 1371 1230 1425 et
1259 1363 1397 1448 quia
1425 1372 1512 1426 est
1541 1361 1865 1437 individua,
1894 1369 1982 1425 est
2010 1361 2169 1448 lpse;
2214 1361 2345 1423 inde
2376 1371 2484 1437 est,
2530 1363 2693 1448 quod

585 1463 879 1527 Dominus
905 1461 1096 1538 dicat,
1149 1463 1306 1548 quod
1334 1464 1518 1528 Pater
1546 1472 1602 1525 et
1632 1461 1762 1548 lpse
1794 1484 1973 1525 unum
2013 1464 2156 1534 sint,
2212 1472 2268 1524 et
2310 1463 2468 1548 quod
2510 1462 2696 1528 Pater

587 1563 648 1626 in
679 1562 816 1649 Ipso
844 1571 904 1626 et
932 1562 1061 1647 Ipse
1088 1563 1147 1625 in
1175 1563 1386 1639 Patre,
1441 1572 1678 1652 praeter
1705 1563 1872 1648 plura
1903 1561 2112 1626 similia
2137 1593 2149 1624 :
2205 1560 2317 1626 hoc
2346 1565 2520 1626 etiam
2554 1585 2695 1627 con-

585 1674 857 1750 ceptores
910 1663 1180 1752 Symboli
1233 1660 1618 1728 Athanasiani
1673 1684 1706 1726 e
1752 1663 2077 1749 longinquo
2121 1662 2427 1739 viderunt,
2510 1687 2696 1751 quare

584 1773 894 1851 postquam
943 1763 1133 1827 Deum
1183 1765 1242 1827 in
1292 1774 1410 1829 tres
1458 1765 1754 1829 Personas
1794 1763 1993 1850 partiti
2036 1773 2201 1838 sunt,
2257 1785 2441 1850 usque
2490 1765 2697 1829 dicunt

587 1864 747 1950 quod
776 1866 836 1927 in
865 1863 1098 1929 Christo
1127 1865 1290 1928 Deus
1328 1874 1386 1927 et
1422 1866 1657 1939 Homo,
1709 1865 1826 1927 hoc
1862 1875 1979 1938 est,
2034 1863 2316 1928 Divinum
2362 1875 2420 1929 et
2460 1866 2695 1930 Huma-

586 1987 749 2040 num,
791 1986 912 2029 non
939 1963 1055 2029 sint
1081 1966 1228 2041 duo,
1270 1965 1372 2031 sed
1402 1987 1581 2029 unum
1609 1967 1760 2030 sicut
1787 1966 1983 2029 anima
2015 1974 2072 2029 et
2101 1986 2312 2050 corpus
2339 1965 2398 2028 in
2426 1966 2691 2031 homine.

587 2063 763 2144 Quod
795 2066 1086 2130 Dominus
1128 2065 1187 2128 in
1229 2066 1455 2131 Mundo
1497 2067 1761 2131 oraverit
1800 2067 1875 2130 ad
1908 2067 2146 2131 Patrem
2188 2066 2337 2129 sicut
2376 2067 2449 2129 ad
2494 2065 2697 2144 alium,

588 2174 648 2228 et
674 2165 834 2250 quod
860 2164 1260 2230 humiliaverit
1285 2189 1345 2230 se
1376 2188 1574 2232 coram
1604 2168 1784 2232 Patre
1822 2150 1971 2231 sicut
2011 2187 2211 2230 coram
2252 2167 2399 2241 alio,
2453 2165 2563 2230 suit
2600 2188 2696 2230 se·

590 2264 848 2329 cundum
879 2264 1165 2330 Ordinem
1208 2288 1240 2331 a
1283 2267 1596 2332 Creatione
1635 2268 2103 2342 constabilitum,
2158 2266 2255 2350 qui
2295 2266 2701 2345 immutabilis,

587 2366 911 2432 secundum
942 2389 1116 2453 qqem
1147 2367 1339 2433 omnis
1379 2368 1452 2433 ad
1495 2368 1970 2452 conjunctionem
2013 2391 2143 2433 cum
2178 2367 2306 2432 Deo
2352 2369 2696 2456 progredie-

584 2477 718 2542 tur;
773 2468 922 2532 ordo
948 2467 1046 2531 ille
1086 2477 1204 2544 est,
1258 2470 1416 2554 quod
1445 2470 1594 2533 sicut
1622 2469 1801 2533 homo
1835 2492 1940 2556 per
1972 2469 2150 2534 vitam
2177 2470 2502 2533 secundum
2533 2471 2697 2557 leges

583 2563 834 2641 ordinis,
893 2590 1047 2655 quae
1073 2578 1207 2634 sunt
1238 2580 1551 2657 praecepta
1581 2571 1742 2644 Dei„
1777 2591 1838 2633 se
1868 2571 2171 2655 conjungit
2200 2570 2362 2644 De0,
2416 2572 2498 2634 ita
2530 2570 2695 2636 Deus

581 2692 644 2734 se
696 2671 1017 2757 conjungat
1068 2670 1323 2746 homini,
1379 2681 1438 2734 et
1483 2691 1515 2734 a
1564 2670 1818 2734 naturali
1864 2670 2026 2734 illum
2071 2670 2432 2758 spiritualem
2482 2670 2693 2744 saciat;

581 2770 850 2835 similiter
888 2771 1182 2836 Dominus
1225 2792 1285 2835 se
1325 2771 1513 2835 univit
1555 2795 1663 2836 suo
1705 2770 1870 2835 Patri
1916 2780 1974 2835 et
2015 2772 2178 2835 Deus
2218 2771 2400 2835 Pater
2442 2791 2506 2833 se
2546 2770 2692 2860 Ipsi,-

583 2870 770 2937 suitne
800 2871 1089 2937 Dominus
1117 2873 1253 2937 dum
1285 2871 1489 2936 Infans
1517 2872 1667 2936 sicut
1698 2871 1922 2948 infans,
1975 2872 2113 2934 dum
2144 2872 2303 2938 Puer
2340 2870 2492 2935 sicut
2525 2893 2692 2956 puer,

582 2970 873 3055 legiturne
909 2974 1064 3056 quod
1097 2972 1412 3060 profecerit
1443 2974 1730 3062 sapientia
1769 2982 1827 3036 et
1872 2972 2092 3059 gratia,
2145 2980 2203 3033 et
2242 2981 2477 3057 postea,
2531 2972 2693 3057 quod

584 3072 887 3154 rogaverit
941 3074 1215 3148 Patrem,
1296 3083 1360 3136 ut
1415 3074 1652 3138 Nomen
1707 3096 1914 3146 suum,
1988 3072 2103 3136 hoc
2153 3081 2271 3147 est,
2340 3071 2690 3135 Humanum

581 3191 772 3245 suum,
814 3170 1190 3254 glorificaret,
1230 3171 1563 3256 glorificare
1594 3182 1679 3237 est
1722 3195 1825 3260 per
1856 3174 2148 3236 Unionem
2178 3193 2373 3236 secum
2408 3172 2693 3237 Divinum

583 3268 812 3344 facere,
864 3269 997 3331 inde
1044 3281 1235 3355 patet,
1288 3272 1446 3356 quod
1479 3272 1768 3335 Dominus
1807 3273 1863 3333 in
1895 3282 2049 3336 statu
2078 3271 2693 3349 exinanitionis-suae,

581 3371 682 3456 qui
711 3380 897 3434 status
924 3370 1032 3433 fuit
1061 3380 1248 3434 status
1277 3372 1700 3458 progressionis
1730 3371 1917 3457 Ipsius
1945 3373 2017 3434 ad
2050 3374 2343 3438 Unionem
2363 3420 2379 3446 ‚
2428 3375 2694 3440 oraverit

583 3471 657 3535 ad
687 3471 946 3533 Patrem.
1029 3470 1191 3535 Idem
1224 3471 1319 3533 ille
1349 3470 1518 3533 Ordo
1546 3492 1580 3535 a
1609 3470 1926 3535 Creatione
1958 3474 2143 3537 cuivis
2181 3472 2407 3536 homini
2448 3473 2693 3561 inscrip-

582 3580 672 3635 tus
699 3581 818 3646 est,
874 3571 1148 3634 nimirum
1179 3571 1678 3657 quemadmodum
1719 3573 1897 3635 homo
1940 3595 2042 3660 per
2082 3575 2359 3637 veritates
2386 3595 2455 3639 ex
2486 3573 2691 3638 Verbo

583 3682 750 3757 parat
776 3673 1138 3737 intellectum
1166 3693 1357 3747 suum,
1399 3672 1479 3735 ita
1509 3673 1751 3759 adaptat
1778 3673 1943 3737 illum
1970 3674 2049 3737 ad
2079 3674 2479 3760 recipiendum
2512 3673 2689 3736 fidem

581 3793 613 3835 a
644 3772 811 3848 Deo,
865 3783 923 3838 et
966 3771 1464 3859 quemadmodum
1507 3795 1612 3858 per
1639 3796 1820 3860 opera
1864 3773 2168 3838 charitatis
2211 3784 2379 3861 parat
2413 3774 2692 3840 volunta-

581 3882 731 3950 tem,
784 3873 863 3937 ita
912 3873 1324 3937 accommodat
1362 3873 1518 3938 illam
1566 3874 1640 3944 ad
1686 3874 2087 3960 recipiendum
2136 3896 2399 3938 amorem
2447 3896 2480 3939 a
2524 3875 2690 3946 Deo;

579 3993 718 4036 nam
744 3972 1240 4060 quemadmodum
1280 3973 1492 4039 artifex
1532 3984 1696 4038 secat
1737 3975 2148 4051 adamantem,
2199 3975 2281 4038 ita
2323 3974 2580 4062 applicat
2621 3975 2702 4036 il·-

580 4072 700 4137 lum
740 4073 814 4137 ad
855 4073 1257 4159 recipiendum
1299 4085 1358 4138 et
1394 4074 1782 4139 emittendum
1829 4074 2200 4161 splendorem
2255 4074 2431 4147 lucis;
2504 4083 2563 4139 et
2604 4075 2689 4138 sic

582 4193 800 4257 porro:
855 4193 1064 4261 parare
1109 4193 1171 4237 se
1212 4173 1287 4237 ad
1331 4174 1730 4258 receptionem
1781 4173 1895 4236 Dei
1938 4183 1998 4238 et
2037 4176 2550 4261 conjunctionem,
2601 4184 2692 4238 est

583 4273 786 4342 vivere
844 4272 1169 4354 secundum
1218 4272 1500 4339 Divinum
1565 4272 1884 4347 Ordinem,
1949 4283 2007 4337 et
2065 4275 2223 4359 leges
2279 4276 2502 4340 ordinis
2556 4282 2694 4338 sunt
