3309 4775
602 422 708 471 1313
830 408 1293 465 UNIVERSA
1337 406 1871 461 THEOLOGIA
1926 408 1992 460 N.
2038 408 2101 459 C.
2143 406 2253 458 ET
2293 407 2361 463 N.
2405 407 2470 472 E,

589 566 725 629 dum
757 572 1008 650 uterquc
1036 562 1208 626 simul
1238 560 1597 634 illustratur,
1648 570 1738 624 est
1766 560 1916 625 sicut
1954 561 2015 623 in
2053 560 2180 635 die;
2236 561 2375 624 dum
2418 561 2571 624 enim
2612 583 2713 626 so-

591 667 682 731 lus
711 665 986 728 Internus
1013 663 1192 725 homo
1222 660 1554 725 illustratur
1586 671 1645 724 et
1676 681 1792 723 non
1837 661 2012 725 simul
2039 661 2371 736 ExternuS,
2423 671 2526 725 aut
2564 663 2702 726 dum

594 768 785 841 solum
816 765 1110 829 Externus
1137 772 1196 826 et
1223 783 1343 825 non
1376 761 1554 826 'simul
1584 761 1894 838 Internus,
1948 770 2034 826 est
2060 763 2213 826 sicut
2241 763 2373 847 quis
2401 762 2615 826 dormit
2644 774 2704 827 et

596 867 880 939 somniat,
916 874 974 927 et
1000 884 1139 928 mox
1165 863 1304 926 dum
1335 861 1794 949 expergiscitur,
1848 861 2140 949 recolligit
2167 863 2496 938 somnium,
2549 873 2606 927 et
2633 886 2703 927 ex

594 967 698 1033 illo
729 965 1252 1039 concludit-varia,
1283 984 1436 1049 quae
1462 972 1661 1026 tamen
1691 962 2037 1047 imaginaria
2065 972 2234 1036 sunt;
2268 973 2326 1025 et
2354 972 2438 1027 est
2470 986 2702 1050 quoque

596 1069 748 1133 sicut
777 1066 1086 1130 ambulans
1111 1066 1171 1127 in
1198 1086 1439 1139 somno,
1475 1073 1535 1127 et
1562 1063 1795 1146 objecta
1828 1084 1981 1147 quae
2010 1064 2203 1140 videt,
2238 1073 2406 1150 putat
2433 1065 2619 1128 vide'ri
2648 1066 2706 1126 in

595 1169 727 1233 luce
757 1167 985 1230 diurna.
1040 1165 1374 1230 Discrimen
1415 1165 1569 1227 inter
1608 1173 1827 1228 statum
1873 1164 2176 1243 Ecclesiae
2216 1173 2354 1228 ante
2383 1164 2708 1227 adventum

599 1269 859 1343 Domini,
891 1277 950 1330 et
980 1275 1113 1354 post
1138 1266 1456 1329 adventum
1489 1265 1708 1351 Ipsius,
1745 1272 1832 1327 est
1860 1286 2097 1352 quoque
2125 1265 2275 1329 sicut
2305 1265 2403 1352 qui
2438 1274 2623 1328 noctu
2654 1266 2713 1327 in

601 1370 731 1434 luce
762 1369 968 1432 Lunae
997 1379 1052 1429 et
1081 1365 1396 1430 Stellarum
1426 1365 1567 1451 legit
1592 1367 1968 1452 scripturam,
2002 1375 2062 1428 et
2089 1366 2239 1430 sicut
2258 1367 2356 1451 qui
2378 1365 2436 1427 in
2460 1364 2592 1428 luce
2620 1387 2718 1428 so·

599 1470 701 1543 lis;
743 1467 901 1554 quod
935 1467 1139 1530 oculus
1170 1466 1228 1527 in
1258 1465 1452 1551 priore
1484 1466 1645 1542 luce,
1684 1486 1837 1552 quae
1878 1465 2053 1529 modo
2082 1475 2171 1532 est
2205 1465 2492 1541 candida,
2527 1476 2713 1541 erret,

600 1582 658 1634 et
704 1570 763 1632 in
795 1568 1152 1656 posteriore,
1200 1587 1351 1652 quae
1393 1567 1571 1630 etiam
1612 1577 1699 1629 est
1739 1564 2051 1642 flammea,
2099 1588 2221 1631 non
2251 1575 2444 1641 erret,
2493 1565 2714 1652 liquet:

597 1691 785 1756 quare
813 1668 890 1730 de
917 1668 1175 1732 Domino
1204 1666 1438 1750 legitur,
1475 1665 1657 1732 Dixit
1673 1665 1843 1732 Deus
1862 1665 2140 1742 Israelis,
2175 1664 2323 1730 mihi
2341 1664 2599 1754 loquuta
2626 1680 2715 1730 est

599 1771 792 1837 Petra
821 1765 1112 1842 Israelis,
1166 1765 1272 1830 ille
1300 1770 1454 1830 sicut
1491 1768 1630 1831 Lux
1661 1780 1952 1844 matutae,
2006 1765 2149 1831 dum
2177 1770 2370 1833 oritur
2390 1764 2530 1843 Sol,
2588 1790 2716 1830 ma-

607 1886 770 1936 tutae
808 1873 941 1934 sine
978 1867 1264 1942 nubibus,
1319 1867 1379 1930 11
1406 1868 1546 1932 Sam
1608 1867 1848 1932 XXIII:
1896 1872 1949 1931 3.
1998 1870 2070 1938 4,
2125 1868 2289 1932 Deus
2327 1866 2596 1941 Israelis,
2655 1876 2716 1930 et

599 1971 779 2035 Petra
808 1970 1043 2035 Israelis
1071 1977 1157 2032 est
1187 1968 1513 2032 Dominus:
1563 1977 1621 2031 et
1649 1968 1824 2043 alibi,
1864 1968 2003 2033 Erit
2029 1966 2145 2033 lux
2171 1969 2386 2032 Lunae
2410 1971 2567 2031 sicut
2596 1965 2716 2030 lux

597 2069 761 2137 Solis
779 2118 797 2146 ,
848 2084 904 2134 et
943 2068 1058 2134 lux·
1092 2066 1258 2133 Solis
1296 2072 1409 2132 crit
1446 2066 1759 2161 septupla,
1813 2073 1965 2134 sicut
2010 2071 2157 2134 Lux
2197 2082 2418 2161 septem
2457 2067 2716 2143 dierum,

602 2175 663 2237 in
715 2172 815 2237 die
867 2195 988 2264 quo
1039 2167 1331 2258 obligabit
1383 2167 1661 2234 Jehovala
1683 2164 2040 2255 fracturam
2080 2168 2304 2261 populi
2348 2173 2475 2243 sui,
2548 2168 2711 2253 Esaj.

600 2272 803 2338 XXX:
854 2276 955 2334 25.
993 2273 1110 2333 26:
1166 2270 1312 2333 haec
1353 2268 1627 2333 dicuntur
1669 2268 1741 2331 de
1780 2268 1950 2334 Statu
1979 2269 2280 2335 Ecclesiae
2319 2278 2445 2355 post
2488 2270 2715 2332 adven·

601 2383 724 2437 tum
754 2371 1013 2440 Domini.
1092 2369 1326 2446 Verbo,
1380 2370 1582 2435 Status
1612 2368 1910 2435 Ecclesiae
1940 2380 2078 2435 ante
2119 2370 2441 2435 adventum
2471 2369 2716 2434 Domini

602 2474 937 2562 comparari
967 2481 1155 2561 potest
1184 2471 1467 2547 Vetulae,
1522 2471 1689 2557 cujus
1722 2470 1902 2535 facies
1943 2470 2141 2536 fucata
2184 2471 2328 2547 fuit,
2377 2482 2434 2535 et
2465 2492 2536 2534 ex
2573 2492 2715 2556 pur-

599 2597 746 2662 pura
794 2575 910 2639 fuci
951 2574 1220 2661 apparuit
1262 2573 1372 2637 sibi
1408 2570 1688 2657 pulchra;
1740 2581 1801 2635 at
1845 2571 2048 2636 Status
2088 2571 2387 2637 Ecclesiae
2434 2582 2563 2659 post
2609 2572 2712 2633 ad-

597 2686 841 2741 ventum
865 2675 1105 2744 Domini
1134 2673 1468 2761 comparari
1499 2681 1692 2759 potest
1710 2672 1940 2757 Virgini
1969 2693 2040 2736 ex
2069 2694 2329 2761 purpura
2359 2673 2561 2736 nativa
2594 2670 2715 2735 for·-

599 2797 828 2841 mosae:
908 2776 983 2839 Et
1031 2795 1268 2862 quoque
1313 2774 1516 2838 Status
1563 2772 1866 2837 Ecclesiae
1908 2782 2046 2838 ante
2095 2773 2415 2836 adventum
2471 2771 2714 2836 Domini

599 2877 929 2965 comparari
974 2886 1166 2963 potest
1205 2885 1437 2940 crustae
1480 2873 1731 2958 alicujus
1772 2872 2027 2949 fructus,
2082 2883 2145 2936 ut
2189 2873 2473 2946 aurantii,
2530 2872 2711 2959 pomi,

602 2978 771 3064 pyri,
828 2998 1008 3050 uvae,
1063 2986 1118 3039 et
1147 2978 1273 3063 ejus
1299 2974 1527 3062 sapori,
1582 2984 1642 3037 at
1682 2982 1870 3038 status
1895 2973 2195 3037 Ecclesiae
2230 2983 2366 3059 post
2386 2957 2727 3037 adventum‘

604 3074 796 3161 Ipsius
825 3077 1157 3162 comparari
1204 3086 1390 3159 potest
1422 3075 1810 3139 luterioribus
1850 3072 2085 3139 illorum
2120 3074 2453 3149 fructuum,
2505 3082 2564 3136 et
2605 3072 2713 3135 ho-

599 3196 731 3236 rum
772 3175 1007 3261 sapori;
1061 3186 1297 3259 praeter
1323 3196 1454 3235 cum
1482 3174 1769 3237 similibus
1795 3173 1957 3237 aliis:
2010 3183 2069 3239 et
2093 3173 2240 3238 haec
2270 3184 2512 3263 propter
2548 3171 2718 3236 illam*
2786 3162 2791 3167 ’

599 3294 875 3348 causam,
928 3272 1064 3358 quia
1110 3272 1431 3345 Dominus,
1485 3280 1797 3357 postquam
1838 3271 2028 3336 induit
2071 3274 2247 3338 etiam
2276 3274 2556 3339 Divinum
2587 3273 2711 3336 Na-

601 3372 827 3448 turale,
883 3372 1137 3436 illustrat
1186 3370 1490 3433 Internum
1536 3370 1899 3457 spiritualem
1942 3371 2237 3437 hominem
2280 3385 2339 3438 et
2380 3374 2705 3438 Externum

603 3474 934 3539 naturalem
963 3472 1170 3545 simul,
1226 3491 1359 3534 nam
1393 3472 1531 3533 dum
1563 3470 1741 3533 modo
1770 3471 2043 3539 luternus
2071 3473 2252 3539 homo
2291 3475 2620 3539 illustratur
2649 3482 2711 3537 et

599 3595 718 3639 non
758 3574 934 3638 simul
961 3573 1285 3647 ExternuS,
1328 3569 1402 3634 ·fit
1444 3572 1690 3648 umbra,
1744 3572 2026 3638 similiter
2052 3574 2375 3640 dummodo
2417 3574 2711 3638 Externus

597 3684 655 3737 et
688 3696 808 3739 non
833 3673 1003 3739 simul
1041 3673 1330 3738 Internus.

1435 3825 1854 3865 *ssssssit

754 3983 896 4045 110.
929 3980 1046 4045 Hic
1073 3979 1441 4045 adducentur
1467 3978 1617 4043 haec
1644 3980 2121 4044 ΜΕΜοΒΑΒιιιΑ.
2165 3978 2455 4043 Palmum.
2497 3977 2703 4056 Quon-

596 4080 732 4145 dam
766 4082 825 4146 in
854 4082 1081 4145 Mundo
1109 4080 1412 4166 Spirituali
1453 4079 1573 4144 vidi
1605 4079 1812 4164 Ignem
1846 4076 2076 4142 fatuum
2118 4078 2178 4143 in
2220 4083 2360 4143 alite
2402 4078 2700 4164 delapsum

595 4180 654 4241 in
682 4190 936 4254 terrain,
990 4188 1048 4242 et
1074 4178 1330 4240 lucidum
1364 4178 1583 4241 circum
1615 4179 1771 4241 circa
1797 4177 1992 4253 illum,
2049 4186 2178 4242 erat
2208 4189 2514 4242 meteoron
2544 4175 2704 4265 quod

601 4279 815 4367 vulgus
846 4286 1023 4347 vocat
1054 4276 1425 4348 Draconem;
1479 4276 1682 4344 notavi
1713 4277 1908 4339 locum
1944 4277 2042 4339 ubi
2076 4276 2317 4351 decidit,
2374 4277 2475 4342 sed
2505 4276 2706 4341 hocin
