3309 4775
725 344 771 395 1.
851 343 1081 397 Deus
1124 315 1572 400 CREA'TOR.
1617 374 1683 383 -
1747 342 2079 400 UNITAS
2117 344 2285 397 Dm.
2480 358 2546 406 15

465 520 775 573 commune
802 495 986 562 habet
1025 518 1155 560 cum
1195 497 1510 581 Regimine
1554 498 1787 562 aemulo
1830 506 1889 561 et
1929 496 2183 583 analogo
2225 500 2551 585 Regiminis

461 600 744 665 caelestis.
815 599 902 663 Ex
943 597 1032 662 his
1071 607 1127 660 et
1171 597 1454 663 similibus
1494 599 1646 685 apud
1686 597 1978 662 Animalia
2010 599 2213 674 bruta,
2254 599 2551 666 confessor
2595 633 2628 650 -

461 713 520 766 et
546 704 737 766 cultor
764 700 1034 764 Naturae
1075 697 1381 762 confirmat
1417 722 1480 763 se
1519 721 1625 786 pro
1664 700 1928 773 Natura,
1973 699 2112 761 dum
2153 700 2450 766 consessor
2493 713 2551 766 et

460 804 654 870 cultor
700 803 812 868 Dei
855 822 924 864 ex
968 799 1169 863 iisdem
1211 821 1274 863 se
1326 800 1634 865 confirmat
1673 822 1778 886 pro
1827 801 1988 874 Deo,
2048 822 2180 864 nam
2225 801 2555 889 spiritualis

460 904 638 968 homo
691 900 1213 987 videt‘spiritualia
1269 901 1330 963 in
1381 901 1520 977 illis,
1576 910 1633 963 et
1675 899 1977 966 Naturalis
2021 900 2199 967 bomo
2247 904 2404 966 videt
2449 925 2554 970 na-

460 1006 676 1070 turalia
719 1004 781 1065 in
826 1002 966 1076 iuis,
1018 1005 1098 1065 ita
1144 1002 1390 1087 quisque
1434 1002 1624 1088 qualis
1671 1012 1787 1064 est:
1848 1005 2002 1089 quod
2048 1024 2142 1066 ine
2180 1002 2415 1078 attinet,
2462 1014 2553 1069 ta-

461 1105 539 1170 lia
587 1103 728 1169 mihi
771 1104 1008 1167 suerunt
1048 1103 1379 1167 testimonia
1420 1101 1681 1168 Influxus
1720 1103 1927 1168 Mundi
1965 1104 2295 1188 Spiritualis
2331 1105 2390 1168 in
2429 1106 2554 1171 Na-

466 1206 718 1271 turalem
766 1227 800 1268 a
852 1205 1000 1267 Deo.
1080 1203 1356 1288 'Expende
1401 1204 1607 1280 etiam,
1661 1226 1799 1267 num
1842 1204 1913 1266 de
1956 1204 2150 1291 aliqua
2198 1205 2413 1269 Forma
2462 1227 2554 1270 re-

467 1308 732 1395 giminis,
775 1315 874 1368 aut
905 1304 977 1366 de
1005 1303 1200 1389 aliqua
1227 1304 1385 1388 Lege
1415 1303 1607 1380 civili,
1661 1315 1762 1368 aut
1807 1305 1881 1367 de
1918 1306 2112 1392 aliqua
2156 1299 2387 1370 Virtu'te
2432 1328 2557 1371 mo-

463 1408 574 1474 rali
595 1454 612 1481 ,
658 1416 759 1469 aut
788 1406 858 1467 de
887 1404 1079 1490 aliqua
1115 1404 1372 1485 Veritate
1400 1404 1713 1489 spirituali,
1760 1414 1924 1493 potes
1954 1404 2245 1494 analytice
2276 1406 2557 1491 cogitare,

460 1508 575 1572 nisi
601 1507 884 1569 Divinum
917 1526 986 1567 ex
1013 1504 1308 1591 Sapientia
1337 1526 1440 1567 sua
1474 1526 1578 1591 per
1595 1506 1884 1571 Mundum
1914 1505 2285 1595 Spiritualem
2316 1505 2553 1581 influat3

462 1605 622 1694 quod
650 1607 722 1669 ad
754 1627 876 1680 me,
923 1626 1042 1667 non
1073 1607 1232 1692 potui
1261 1625 1368 1667 nec
1397 1627 1665 1691 possum;
1711 1607 2101 1671 animadverti
2130 1607 2285 1670 enim
2315 1628 2554 1695 percep-

459 1708 703 1773 tibiliter
729 1716 786 1769 et
814 1705 1162 1786 sensibiliter
1199 1704 1483 1770 influxum
1510 1706 1672 1770 illum
1719 1728 1875 1771 nunc
1920 1729 2023 1795 per
2054 1712 2136 1773 26
2179 1729 2365 1774 annos
2410 1730 2550 1774 con—

459 1810 623 1874 tinue
641 1858 657 1884 ,
700 1829 881 1894 quare
911 1806 1025 1870 hoc
1051 1808 1181 1873 dico
1209 1828 1279 1892 ex
1306 1815 1535 1871 testato.

587 1895 768 1975 'Num
796 1910 1027 1974 Natura
1071 1931 1174 1993 pro
1217 1908 1332 1972 fine
1380 1918 1567 1995 potest
1609 1909 1832 1974 habere
1876 1909 2094 1985 Usum,
2140 1918 2201 1973 et
2241 1909 2550 1997 disponere

462 2033 604 2077 usus
631 2012 689 2073 in
717 2011 952 2075 ordines
979 2020 1035 2072 et
1068 2008 1314 2085 formas,
1360 2008 1475 2071 hoc
1513 2031 1630 2072 non
1675 2018 1863 2095 potest
1902 2011 2009 2075 nisi
2053 2032 2231 2099 quam
2270 2010 2544 2099 Sapiens;

459 2134 536 2177 ac
563 2113 917 2177 Universum
947 2112 1024 2173 ita
1055 2112 1330 2174 ordinare
1359 2118 1415 2172 et
1442 2108 1703 2174 formare
1731 2133 1850 2175 non
1881 2122 2070 2197 potest
2096 2111 2203 2177 nisi
2233 2112 2410 2187 Deus,
2440 2112 2548 2177 Cui

457 2212 686 2277 infinita
714 2211 1010 2300 Sapientia
1051 2221 1167 2283 est;
1213 2213 1342 2298 quis
1370 2209 1517 2275 alius
1546 2221 1734 2297 potest
1765 2212 2111 2300 praevidere
2142 2208 2201 2276 et
2240 2213 2548 2302 providere

462 2336 618 2402 quae
667 2315 851 2376 victus
894 2321 951 2375 et
996 2313 1241 2376 amictus
1282 2321 1445 2387 sunt,
1489 2310 1862 2391 hominibus,
1920 2314 2109 2378 victus
2152 2333 2221 2376 ex
2266 2314 2547 2380 messibus

459 2417 622 2502 agri,
660 2414 947 2480 fructibus
977 2425 1201 2488 terrae,
1241 2424 1299 2477 et
1326 2437 1395 2476 ex
1425 2416 1807 2491 animalibus,
1853 2423 1912 2480 et
1942 2417 2181 2481 vestitus
2218 2437 2290 2483 ex
2326 2416 2548 2482 iisdem.

459 2515 626 2580 Inter
664 2516 956 2580 Mirabilia
1002 2516 1082 2579 ibi
1122 2523 1239 2590 est,
1293 2515 1450 2603 quod
1492 2516 1634 2581 viles
1674 2515 1754 2580 illi
1801 2539 2065 2591 vermes,
2120 2517 2219 2605 qui
2264 2526 2552 2582 vocantur

459 2617 830 2706 BombyceS,
870 2617 1058 2681 serico
1089 2616 1400 2691 vestirent,
1440 2625 1502 2679 et
1530 2617 1839 2703 magnifiee
1868 2627 2151 2683 ornarent
2178 2626 2238 2680 et
2265 2616 2551 2682 faeminas

458 2727 521 2783 et
563 2718 756 2793 viroS,
803 2739 836 2781 a
865 2717 1108 2804 Reginis
1133 2725 1192 2780 et
1219 2718 1517 2803 Regibus,
1569 2740 1756 2804 usque
1788 2717 1862 2781 ad
1894 2716 2135 2782 ancillas
2174 2728 2232 2781 et
2270 2716 2551 2782 famulos:

460 2828 522 2884 et
544 2818 707 2905 quod
739 2820 883 2882 viles
911 2818 989 2880 illi
1021 2839 1267 2895 vermes,
1310 2818 1409 2904 qui
1438 2829 1733 2883 vocantur
1756 2815 1932 2903 Apes,
1975 2818 2418 2906 suppeditarent
2445 2817 2554 2884 Ce-

459 2942 559 2985 ras
586 2942 693 3008 pro
726 2918 1144 2994 luminaribus,
1198 2939 1270 2980 ex
1309 2917 1522 3003 quibus
1547 2919 1793 3006 Templa
1832 2929 1891 2985 et
1931 2916 2119 2982 Aulae
2160 2918 2219 2981 in
2245 2917 2554 3005 splendore

459 3030 617 3087 sunt.
674 3021 843 3084 Haec
870 3030 928 3083 et
957 3020 1122 3105 plura
1149 3030 1285 3084 sunt
1325 3016 1789 3084 Auctoramenta
1826 3019 2148 3094 exstantia,
2199 3020 2357 3106 quod
2397 3020 2556 3085 Deus

459 3143 494 3185 a
524 3143 586 3186 se
615 3143 720 3210 per
752 3120 1033 3185 Mundum
1062 3106 1437 3210 spiritualem
1475 3129 1754 3208 operetur
1794 3121 1990 3185 omnia
2032 3141 2183 3207 quae
2221 3120 2279 3182 in
2317 3120 2550 3186 Natura

460 3221 629 3286 fiunt

614 3324 724 3388 His
768 3322 1158 3408 adjiciendum
1203 3331 1319 3399 est,
1378 3321 1537 3407 quod
1575 3320 1632 3384 in
1678 3321 1905 3385 Mundo
1944 3320 2244 3410 Spirituali
2288 3321 2394 3388 visi
2434 3324 2552 3387 sint

458 3423 578 3501 illi,
617 3425 716 3511 qui
747 3446 852 3510 pro
880 3424 1112 3489 Natura
1142 3444 1212 3488 ex
1238 3423 1561 3488 visibilibus
1585 3422 1643 3485 in
1675 3423 1901 3487 Mundo
1938 3443 2000 3489 se
2029 3421 2548 3500 confirmaverunt,

460 3547 647 3610 usque
688 3535 751 3588 ut
791 3523 949 3588 athei
988 3523 1127 3588 facti
1164 3525 1315 3599 sint,
1369 3534 1427 3588 et
1458 3523 1617 3610 quod
1661 3523 2002 3589 Intellectus
2043 3545 2248 3588 eorum
2290 3524 2353 3586 in
2392 3525 2550 3589 Luce

456 3626 741 3714 spirituali
770 3626 1108 3712 apparuerit
1135 3634 1372 3712 apertus
1397 3624 1549 3688 insra
1567 3673 1583 3701 ,
1626 3624 1728 3689 sed
1756 3626 2027 3688 occlusus
2051 3645 2263 3712 supra,
2314 3645 2385 3689 ex
2412 3646 2552 3690 cau-

457 3747 554 3802 sa,
597 3727 732 3813 quia
762 3725 1134 3811 Cogitatione
1173 3734 1588 3812 spectaverunt
1620 3724 1892 3791 deorsum
1934 3725 2010 3788 ad
2040 3734 2292 3801 terram,
2340 3735 2399 3791 et
2426 3748 2551 3793 non

457 3846 689 3891 sursum
718 3826 790 3893 ad
819 3827 1088 3891 Caelum:
1133 3848 1310 3914 supra
1337 3825 1635 3902 sensuale,
1680 3826 1838 3913 quod
1859 3836 1951 3895 est
1991 3826 2257 3890 infimum
2284 3826 2551 3892 intellec-

457 3934 583 4004 tus„
626 3928 897 4014 apparuit
933 3928 1082 3993 sicut
1114 3927 1379 3995 velamen
1407 3926 1717 4014 fulgurans
1754 3928 2001 4013 exigue
2040 3924 2347 4004 infernali,
2391 3927 2550 4016 apud

458 4027 745 4116 quosdam
774 4037 967 4095 atrum
994 4028 1141 4097 sicut
1166 4027 1378 4114 fuligo,
1412 4039 1472 4093 et
1500 4028 1657 4116 apud
1689 4028 1974 4114 quosdam
2001 4027 2245 4096 lividum
2273 4027 2424 4097 sicut
2454 4047 2552 4092 ca-

456 4127 656 4194 daver.
729 4126 952 4194 Caveat
989 4129 1188 4218 itaque
1223 4131 1468 4216 quisque
1504 4129 1615 4196 sibi
1655 4149 1691 4194 a
1719 4128 2264 4196 confirmationibus
2290 4149 2398 4218 pro
2423 4128 2549 4195 Na-

387 4290 409 4301 -
456 4239 587 4296 tura
608 4275 627 4307 ,
669 4229 773 4297 sed
800 4229 1105 4298 confirmet
1130 4251 1193 4298 se
1219 4253 1327 4321 pro
1353 4231 1513 4312 Deo,
1556 4250 1680 4299 non
1706 4229 1868 4296 deest
1893 4228 2168 4317 supellex.
