3309 4775
999 394 1074 450 ιι,
1158 395 1569 449 pommus
1611 374 2190 451 REDEMPT'OR.
2561 414 2660 463 ,Μ

435 627 439 630 .
553 531 797 619 Jsssum,
851 548 953 611 sed
999 568 1123 610 non
1165 557 1518 635 potuerunt,
1574 559 1635 613 at
1677 568 1882 617 omnes
1914 560 2236 638 potuerunt
2276 552 2471 617 dicere
2501 555 2671 620 Chri-

551 659 738 720 stum,
794 657 849 711 et
880 670 1118 734 quoque
1150 649 1342 712 Deum
1372 651 1644 722 Patrem}
1701 651 1815 715 hoc
1841 651 2045 717 mirati
2077 662 2213 717 sunt
2256 663 2319 725 et
2357 657 2670 741 quaesive-

552 757 694 813 runt
725 770 997 824 causam,
1052 760 1108 812 et
1150 751 1511 837 invenerunt
1554 751 1743 827 hanc,
1797 754 1955 838 quod
2004 754 2310 818 oraverint
2350 755 2423 818 ad
2472 757 2667 819 Deum

551 852 797 916 Patrem
843 859 1087 937 propter
1120 849 1367 936 Filium,
1422 861 1481 913 et
1527 873 1645 915 non
1692 854 1997 917 oraverint
2040 854 2114 916 ad
2156 854 2350 940 Ipsum
2394 843 2666 946 Salvato-

551 973 713 1025 rem,
768 961 826 1013 et
866 950 1053 1014 stus
1094 951 1384 1036 significat
1421 952 1823 1017 salvatorem.
1904 952 2095 1019 Porro
2146 955 2364 1019 dictum
2408 966 2495 1020 est
2537 958 2669 1033 illis,

551 1062 622 1117 ut
659 1073 731 1116 ex
774 1052 1130 1137 cogitatione
1174 1051 1247 1112 de
1292 1053 1577 1117 Humano
1618 1054 1861 1117 Domini
1902 1055 2166 1141 dicerent
2195 1057 2498 1121 Dlvtmm
2531 1059 2668 1122 Hu-

554 1172 826 1224 manum:
881 1152 983 1215 sed
1014 1173 1186 1214 nemo
1217 1173 1287 1214 ex
1317 1153 1519 1227 (Hero,
1575 1155 1676 1238 qui
1706 1154 1786 1216 ibi
1817 1156 2055 1230 aderat,
2112 1158 2334 1242 potuit,
2390 1167 2448 1221 at
2486 1157 2666 1244 aliqui

554 1275 626 1318 ex
655 1253 848 1317 Laicis
890 1262 1248 1347 potuerunt,
1301 1275 1485 1339 quare
1524 1252 1637 1317 hoc
1678 1255 1736 1316 in
1780 1258 1993 1320 seriam
2038 1257 2482 1320 ,ventilationem
2532 1259 2670 1322 mis-

549 1376 682 1425 sum
716 1364 833 1424 est:
887 1364 947 1417 et
987 1363 1131 1416 tunc
1169 1352 1213 1414 I.
1259 1352 1409 1416 lecta
1450 1364 1585 1417 sunt
1618 1376 1816 1419 coram
1847 1357 1959 1422 illis
1987 1356 2136 1420 haec
2163 1358 2317 1443 apud
2347 1359 2667 1444 Evangeli-

551 1467 705 1532 staS,
750 1455 942 1528 Pater
967 1454 1133 1519 dedit
1160 1457 1362 1518 omnia
1389 1457 1450 1516 in
1480 1479 1721 1545 mamqm
1747 1456 1926 1532 Filii,
1967 1457 2106 1532 Joh,
2139 1457 2262 1520 lll:
2313 1462 2414 1522 35.
2474 1460 2667 1524 Pater

557 1556 724 1623 dedit
768 1553 932 1620 Filio
964 1568 1320 1649 potestatem
1362 1559 1556 1619 omnis
1594 1562 1830 1634 carnis,
1883 1558 2022 1623 Joh.
2055 1557 2257 1623 XVII:
2304 1562 2358 1622 2.
2399 1556 2402 1559 ’
2445 1559 2664 1625 Omnia

553 1655 728 1725 Mihi
762 1656 986 1721 tradita
1023 1669 1164 1720 sunt
1201 1679 1241 1718 α
1282 1655 1505 1732 Patre,
1563 1657 1772 1721 Mauh.
1807 1659 1923 1723 Xl:
1972 1664 2077 1722 27.
2163 1658 2324 1724 Data
2367 1673 2458 1724 est
2501 1658 2671 1726 Mihi

553 1761 755 1824 omnis
799 1772 1076 1849 potestas
1119 1761 1182 1820 in
1230 1755 1516 1822 Caelo‘et
1568 1761 1632 1821 in
1685 1760 1902 1834 Terra,
1956 1758 2166 1822 Matth.
2197 1759 2499 1825 XXVIII:
2560 1765 2659 1824 18.

558 1870 618 1923 et
659 1859 879 1923 dictum
923 1868 1007 1921 est
1050 1858 1191 1932 illis,
1251 1867 1441 1920 tenete
1481 1859 1617 1921 inde
1661 1860 1720 1921 in
1764 1860 2141 1945 cogitatione,
2192 1860 2350 1945 quod
2397 1860 2665 1925 Christus

550 1969 676 2037 tam
728 1959 924 2046 quoad
965 1959 1246 2022 Divinum
1302 1981 1480 2044 quam
1533 1960 1730 2045 quoad
1782 1960 2124 2023 Humanum
2174 1980 2345 2024 suum
2388 1962 2459 2025 sit
2501 1962 2664 2026 Deus

550 2061 717 2125 Caeli
758 2068 816 2121 et
860 2059 1120 2133 Terrae,
1192 2069 1249 2121 et
1291 2060 1374 2123 sic
1421 2061 1724 2124 enuntiate
1769 2061 2063 2124 Dwmmu
2113 2061 2494 2138 Humanum,
2557 2062 2659 2125 sed

552 2182 747 2248 usque
793 2181 911 2222 non
959 2168 1310 2247 potuerunt,
1365 2170 1422 2223 et
1475 2161 1776 2236 dixerunt,
1833 2163 1990 2249 quod
2036 2161 2273 2246 quidem
2319 2163 2543 2225 exinde·
2576 2173 2659 2225 te·

546 2270 765 2325 nerent
793 2260 1011 2346 aliquid
1051 2260 1422 2346 cogitationis
1462 2281 1532 2324 ex
1564 2261 1862 2342 intellectu
1904 2263 1976 2325 de
2018 2282 2142 2336 eo,·
2174 2263 2274 2326 sed
2320 2278 2505 2347 usque
2540 2284 2660 2325 non

551 2361 776 2449 aliquid
809 2363 1152 2448 agnitionis,
1187 2370 1243 2428 et
1272 2363 1428 2447 quod
1457 2362 1590 2425 ideo
1621 2383 1738 2426 non
1769 2371 2020 2450 possent.
2083 2362 2160 2426 11.
2190 2363 2404 2428 Postea
2445 2363 2660 2427 lectum

558 2472 651 2528 est
704 2483 904 2527 coram
962 2463 1075 2527 illis
1128 2484 1196 2526 ex
1242 2463 1401 2526 Luca
1446 2451 1707 2551 Cap.‘l‘:
1768 2468 1868 2526 32.
1921 2467 2025 2527 34.
2079 2467 2194 2539 353
2251 2463 2408 2550 quod
2456 2465 2662 2528 Domi·

551 2585 667 2628 nus
714 2564 910 2650 quoad
957 2565 1302 2628 Humanum
1346 2573 1497 2627 esset
1537 2563 1720 2628 Filius
1759 2561 2031 2628 Jehovae
2080 2565 2220 2639 Dei,
2273 2573 2333 2627 et
2378 2564 2536 2649 quod
2579 2564 2659 2626 ibi

551 2664 790 2728 dicatur
831 2664 1014 2729 Filius
1061 2664 1372 2750 Altissimi,
1443 2673 1501 2727 et
1546 2664 1739 2728 ubivis
1777 2664 1916 2728 alibi
1967 2665 2150 2730 F11ius
2202 2664 2348 2739 Dei,
2403 2673 2460 2726 et
2515 2686 2660 2750 quo-

552 2786 676 2851 que
717 2764 1095 2851 Unigenitus,
1149 2751 1543 2852 et'petiernnt
1582 2773 1645 2827 ut
1691 2762 1808 2828 hoc
1852 2774 2124 2828 tenerent
2173 2765 2230 2827 in
2278 2763 2661 2849 cogitatione,

550 2874 879 2951 et-quoque
908 2864 1064 2951 qnod
1099 2863 1453 2950 Unigenitus
1482 2865 1666 2929 Filius
1692 2865 1804 2928 Dei
1835 2873 2005 2929 natus
2032 2865 2090 2926 in
2120 2864 2347 2929 Mundo
2380 2886 2502 2929 non
2531 2886 2663 2952 pos·

551 2965 631 3030 sit
660 2986 782 3027 nou
810 2985 934 3029 esse
962 2965 1123 3028 Deus
1154 2966 1298 3029 sicut
1328 2965 1513 3029 Pater
1552 2975 1636 3029 est
1668 2963 1860 3039 Deus,
1916 2976 1974 3027 et
2016 2965 2440 3051 eloquerentur
2479 2965 2663 3028 D1v1·

506 3071 699 3128 “Num
728 3065 1110 3135 ΗυΜΑΝυΜς
1162 3066 1262 3129 sed
1300 3066 1629 3140 dixerunt,
1661 3086 1777 3128 non
1821 3087 2158 3152 possumuS,
2212 3066 2349 3151 quia
2390 3066 2663 3151 spiritua·

551 3166 624 3230 lis
653 3171 859 3230 nostra
890 3165 1204 3252 cogitatio,
1260 3189 1411 3251 quae
1443 3166 1838 3249 est-interior,
1896 3187 2014 3229 non
2045 3164 2300 3238 admittit
2342 3165 2399 3227 in
2443 3165 2665 3251 cogita·
2707 3235 2713 3240 ⁴

551 3266 777 3329 tionem
810 3267 1134 3353 proximam
1177 3266 1449 3352 loquelae
1495 3266 1641 3331 alias
1679 3267 1841 3329 ideas
1882 3287 2057 3352 quam
2100 3265 2344 3341 similes,
2400 3275 2460 3328 et
2500 3263 2659 3351 quod

547 3365 689 3429 inde
720 3366 1073 3451 percipiant,
1129 3368 1284 3451 quod
1330 3388 1484 3430 nunc
1522 3388 1644 3431 non
1692 3366 1866 3430 liceat
1907 3367 2295 3451 cogitationes
2334 3387 2469 3430 suas
2513 3360 2661 3430 divi-

550 3464 728 3540 dere,
781 3465 931 3532 sicut
958 3467 1018 3527 in
1048 3467 1274 3530 Mundo
1303 3468 1571 3530 naturali.
1655 3466 1780 3530 111:
1836 3466 2063 3531 Deinde
2100 3466 2248 3529 lecta
2278 3475 2414 3541 sunt
2458 3485 2659 3548 coram

548 3565 667 3630 iltis
692 3566 875 3629 verba
909 3567 1145 3629 Domini
1176 3567 1250 3630 ad
1281 3566 1612 3654 Philippum
1632 3614 1648 3641 ‚
1704 3560 1881 3641 haec,
1929 3567 2109 3632 Dixit
2133 3564 2491 3658 Philippus,
2532 3564 2660 3629 Do·-

552 3669 742 3739 mine,
795 3680 1065 3731 monstra
1109 3666 1282 3732 nobis
1325 3667 1567 3731 Patrem
1589 3714 1603 3740 ,
1659 3681 1715 3730 ez
1760 3666 1920 3730 dixit
1962 3668 2295 3740 Dominus,
2348 3669 2454 3758 qui
2492 3663 2663 3729 videt

552 3767 688 3841 Me,
725 3767 895 3831 videt
921 3769 1200 3842 Patrem,
1241 3789 1439 3836 nonne
1465 3764 1662 3831 credis
1680 3815 1694 3842 ‚
1735 3765 1904 3859 quod
1925 3766 2063 3855 Ego
2093 3770 2154 3830 in
2182 3766 2369 3830 Patre
2395 3765 2667 3829 et‘Paler

554 3870 619 3930 in
650 3867 786 3941 Me,
835 3867 971 3931 Joh.
1004 3866 1177 3933 XIV:
1232 3871 1269 3929 8
1302 3867 1371 3930 ad
1406 3870 1516 3939 11;
1573 3878 1630 3931 et
1663 3889 1897 3953 quoque
1926 3867 2038 3929 alia
2070 3867 2230 3941 loca,
2283 3865 2452 3958 qu'od
2475 3865 2667 3930 Pater

552 3981 611 4032 et
656 3968 800 4059 Ipse
841 3993 1023 4031 unum
1068 3971 1220 4041 sint,
1279 3977 1342 4030 ut
1381 3967 1520 4032 Joh.
1563 3968 1652 4032 X:
1704 3971 1824 4040 30;
1894 3975 1952 4031 et
1996 3965 2217 4029 dictum
2265 3976 2352 4030 est
2398 3966 2546 4042 illis,
2598 3974 2663 4030 ut

554 4077 828 4131 tenerent
853 4069 909 4131 id
935 4067 1004 4131 in*
1027 4068 1386 4154 cogitatione
1404 4116 1420 4143 ,
1474 4076 1532 4130 et
1560 4067 1642 4131 sic
1671 4067 1937 4130 dicerent
1965 4066 2270 4136 Dlvmtm
2295 4067 2666 4141 ΗυΜΑΝυΜ,

549 4168 656 4232 sed
685 4168 821 4254 quia
850 4169 946 4232 illa
977 4157 1255 4253 cogitatio
1283 4190 1403 4231 non
1430 4167 1542 4232 fuit
1572 4168 1837 4232 radicata
1874 4168 1933 4230 in
1961 4167 2295 4254 agnitione,
2346 4165 2510 4252 quod
2541 4164 2663 4231 Do-

556 4268 760 4333 minus·
785 4278 936 4350 esset
975 4269 1140 4334 Deus
1180 4269 1358 4334 etiam
1387 4267 1583 4356 quoad
1613 4269 1991 4345 Humanum,
2047 4249 2463 4331 contorserunt
2505 4264 2665 4328 labia
