<?xml version="1.0" encoding="UTF-8"?>
<!DOCTYPE html PUBLIC "-//W3C//DTD XHTML 1.0 Transitional//EN"
    "http://www.w3.org/TR/xhtml1/DTD/xhtml1-transitional.dtd">
<html xmlns="http://www.w3.org/1999/xhtml" xml:lang="en" lang="en">
 <head>
  <title>
</title>
<meta http-equiv="Content-Type" content="text/html;charset=utf-8" />
  <meta name='ocr-system' content='tesseract 3.04.00' />
  <meta name='ocr-capabilities' content='ocr_page ocr_carea ocr_par ocr_line ocrx_word'/>
</head>
<body>
  <div class='ocr_page' id='page_1' title='image "./verachristianar00tafegoog_0056.png"; bbox 0 0 3309 4775; ppageno 0'>
   <div class='ocr_carea' id='block_1_1' title="bbox 31 0 669 4722">
    <p class='ocr_par' dir='ltr' id='par_1_1' title="bbox 31 0 669 4722">
     <span class='ocr_line' id='line_1_1' title="bbox 31 0 669 4722; baseline 0 0"><span class='ocrx_word' id='word_1_1' title='bbox 31 0 669 4722; x_wconf 95' lang='lat' dir='ltr'><strong> </strong></span> 
     </span>
    </p>
   </div>
   <div class='ocr_carea' id='block_1_2' title="bbox 1089 338 2943 400">
    <p class='ocr_par' dir='ltr' id='par_1_2' title="bbox 1089 338 2943 400">
     <span class='ocr_line' id='line_1_2' title="bbox 1089 338 2943 400; baseline 0.003 -11"><span class='ocrx_word' id='word_1_2' title='bbox 1089 355 1143 391; x_wconf 65' lang='lat'><strong>·.=2</strong></span> <span class='ocrx_word' id='word_1_3' title='bbox 1316 338 1773 392; x_wconf 73' lang='lat' dir='ltr'><strong>UNIVERSA</strong></span> <span class='ocrx_word' id='word_1_4' title='bbox 1820 339 2349 395; x_wconf 75' lang='lat' dir='ltr'><strong>THEULOGIA</strong></span> <span class='ocrx_word' id='word_1_5' title='bbox 2395 345 2459 398; x_wconf 80' lang='lat' dir='ltr'><strong>N.</strong></span> <span class='ocrx_word' id='word_1_6' title='bbox 2506 344 2569 398; x_wconf 83' lang='lat' dir='ltr'><strong>C.</strong></span> <span class='ocrx_word' id='word_1_7' title='bbox 2613 344 2723 396; x_wconf 83' lang='grc' dir='ltr'><strong>ΕΤ</strong></span> <span class='ocrx_word' id='word_1_8' title='bbox 2769 345 2943 400; x_wconf 72' lang='lat' dir='ltr'><strong>N.1·:.</strong></span> 
     </span>
    </p>
   </div>
   <div class='ocr_carea' id='block_1_3' title="bbox 1073 491 3175 783">
    <p class='ocr_par' dir='ltr' id='par_1_3' title="bbox 1073 491 3175 783">
     <span class='ocr_line' id='line_1_3' title="bbox 1073 491 3171 584; baseline 0.003 -29"><span class='ocrx_word' id='word_1_9' title='bbox 1073 514 1178 555; x_wconf 79' lang='lat' dir='ltr'><strong>uos</strong></span> <span class='ocrx_word' id='word_1_10' title='bbox 1206 501 1373 556; x_wconf 83' lang='lat' dir='ltr'><strong>extra</strong></span> <span class='ocrx_word' id='word_1_11' title='bbox 1407 493 1624 556; x_wconf 89' lang='lat' dir='ltr'><strong>atrium</strong></span> <span class='ocrx_word' id='word_1_12' title='bbox 1659 493 1746 557; x_wconf 90' lang='lat' dir='ltr'><strong>sui</strong></span> <span class='ocrx_word' id='word_1_13' title='bbox 1775 491 2113 583; x_wconf 88' lang='lat' dir='ltr'><strong>Gymnasii‚</strong></span> <span class='ocrx_word' id='word_1_14' title='bbox 2168 508 2226 561; x_wconf 88' lang='lat' dir='ltr'><strong>et</strong></span> <span class='ocrx_word' id='word_1_15' title='bbox 2267 498 2546 584; x_wconf 75' lang='lat' dir='ltr'><strong>loquutus</strong></span> <span class='ocrx_word' id='word_1_16' title='bbox 2585 506 2672 561; x_wconf 79' lang='lat' dir='ltr'><strong>est</strong></span> <span class='ocrx_word' id='word_1_17' title='bbox 2712 519 2847 560; x_wconf 87' lang='lat' dir='ltr'><strong>cum</strong></span> <span class='ocrx_word' id='word_1_18' title='bbox 2892 498 3059 562; x_wconf 89' lang='lat' dir='ltr'><strong>nobis</strong></span> <span class='ocrx_word' id='word_1_19' title='bbox 3101 500 3171 562; x_wconf 87' lang='lat' dir='ltr'><strong>de</strong></span> 
     </span>
     <span class='ocr_line' id='line_1_4' title="bbox 1073 591 3175 686; baseline 0.003 -27"><span class='ocrx_word' id='word_1_20' title='bbox 1073 593 1251 659; x_wconf 78' lang='lat' dir='ltr'><strong>Caelo</strong></span> <span class='ocrx_word' id='word_1_21' title='bbox 1280 602 1340 655; x_wconf 90' lang='lat' dir='ltr'><strong>et</strong></span> <span class='ocrx_word' id='word_1_22' title='bbox 1377 591 1658 670; x_wconf 81' lang='lat' dir='ltr'><strong>luserno,</strong></span> <span class='ocrx_word' id='word_1_23' title='bbox 1711 604 1767 658; x_wconf 88' lang='lat' dir='ltr'><strong>et</strong></span> <span class='ocrx_word' id='word_1_24' title='bbox 1810 599 1880 658; x_wconf 91' lang='lat' dir='ltr'><strong>de</strong></span> <span class='ocrx_word' id='word_1_25' title='bbox 1912 596 2129 662; x_wconf 85' lang='lat' dir='ltr'><strong>Divino</strong></span> <span class='ocrx_word' id='word_1_26' title='bbox 2172 599 2465 686; x_wconf 84' lang='lat' dir='ltr'><strong>auspicio,</strong></span> <span class='ocrx_word' id='word_1_27' title='bbox 2517 619 2588 661; x_wconf 87' lang='lat' dir='ltr'><strong>ex</strong></span> <span class='ocrx_word' id='word_1_28' title='bbox 2634 620 2789 664; x_wconf 85' lang='lat' dir='ltr'><strong>nova</strong></span> <span class='ocrx_word' id='word_1_29' title='bbox 2825 601 3045 685; x_wconf 83' lang='lat' dir='ltr'><strong>ingenii</strong></span> <span class='ocrx_word' id='word_1_30' title='bbox 3081 624 3175 664; x_wconf 92' lang='lat' dir='ltr'><strong>sa-</strong></span> 
     </span>
     <span class='ocr_line' id='line_1_5' title="bbox 1073 694 1341 783; baseline -0.011 -24"><span class='ocrx_word' id='word_1_31' title='bbox 1073 694 1341 783; x_wconf 63' lang='lat' dir='ltr'><strong>gacitate.</strong></span> 
     </span>
    </p>
   </div>
   <div class='ocr_carea' id='block_1_4' title="bbox 1073 871 3172 1042">
    <p class='ocr_par' dir='ltr' id='par_1_4' title="bbox 1073 871 3172 1042">
     <span class='ocr_line' id='line_1_6' title="bbox 1073 871 3172 955; baseline 0.003 -20"><span class='ocrx_word' id='word_1_32' title='bbox 1073 873 1182 937; x_wconf 81' lang='lat' dir='ltr'><strong>DE</strong></span> <span class='ocrx_word' id='word_1_33' title='bbox 1233 871 1370 936; x_wconf 92' lang='lat' dir='ltr'><strong>DEI</strong></span> <span class='ocrx_word' id='word_1_34' title='bbox 1427 871 1855 948; x_wconf 87' lang='lat' dir='ltr'><strong>ESSENTlA,</strong></span> <span class='ocrx_word' id='word_1_35' title='bbox 1910 875 2131 955; x_wconf 84' lang='lat' dir='ltr'><strong>QUAE</strong></span> <span class='ocrx_word' id='word_1_36' title='bbox 2175 875 2324 941; x_wconf 87' lang='lat' dir='ltr'><strong>EST</strong></span> <span class='ocrx_word' id='word_1_37' title='bbox 2374 876 2715 942; x_wconf 91' lang='lat' dir='ltr'><strong>DIVlNUS</strong></span> <span class='ocrx_word' id='word_1_38' title='bbox 2767 875 3009 940; x_wconf 84' lang='lat' dir='ltr'><strong>AMOR</strong></span> <span class='ocrx_word' id='word_1_39' title='bbox 3060 876 3172 941; x_wconf 92' lang='lat' dir='ltr'><strong>ET</strong></span> 
     </span>
     <span class='ocr_line' id='line_1_7' title="bbox 1721 973 2507 1042; baseline 0.005 -6"><span class='ocrx_word' id='word_1_40' title='bbox 1721 973 2007 1039; x_wconf 86' lang='lat' dir='ltr'><strong>DIVlNA</strong></span> <span class='ocrx_word' id='word_1_41' title='bbox 2058 976 2507 1042; x_wconf 82' lang='lat' dir='ltr'><strong>SAPIENTIA.</strong></span> 
     </span>
    </p>
   </div>
   <div class='ocr_carea' id='block_1_5' title="bbox 1053 1100 3181 4326">
    <p class='ocr_par' dir='ltr' id='par_1_5' title="bbox 1065 1100 3177 3214">
     <span class='ocr_line' id='line_1_8' title="bbox 1224 1100 3174 1191; baseline 0.003 -28"><span class='ocrx_word' id='word_1_42' title='bbox 1224 1104 1324 1164; x_wconf 77' lang='lat'><strong>36.</strong></span> <span class='ocrx_word' id='word_1_43' title='bbox 1383 1100 1770 1165; x_wconf 76' lang='lat' dir='ltr'><strong>Distinximus</strong></span> <span class='ocrx_word' id='word_1_44' title='bbox 1815 1101 1968 1166; x_wconf 86' lang='lat' dir='ltr'><strong>inter</strong></span> <span class='ocrx_word' id='word_1_45' title='bbox 2013 1104 2155 1168; x_wconf 87' lang='lat' dir='ltr'><strong>Esse</strong></span> <span class='ocrx_word' id='word_1_46' title='bbox 2200 1105 2307 1181; x_wconf 78' lang='lat' dir='ltr'><strong>Dei</strong></span> <span class='ocrx_word' id='word_1_47' title='bbox 2353 1118 2410 1169; x_wconf 87' lang='lat' dir='ltr'><strong>et</strong></span> <span class='ocrx_word' id='word_1_48' title='bbox 2460 1106 2783 1169; x_wconf 84' lang='lat' dir='ltr'><strong>Essentiam</strong></span> <span class='ocrx_word' id='word_1_49' title='bbox 2831 1104 2974 1179; x_wconf 83' lang='lat' dir='ltr'><strong>Dei,</strong></span> <span class='ocrx_word' id='word_1_50' title='bbox 3031 1106 3174 1191; x_wconf 89' lang='lat' dir='ltr'><strong>quia</strong></span> 
     </span>
     <span class='ocr_line' id='line_1_9' title="bbox 1073 1193 3177 1294; baseline 0.003 -31"><span class='ocrx_word' id='word_1_51' title='bbox 1073 1203 1224 1263; x_wconf 79' lang='lat' dir='ltr'><strong>inter</strong></span> <span class='ocrx_word' id='word_1_52' title='bbox 1271 1201 1631 1265; x_wconf 84' lang='lat' dir='ltr'><strong>Infinitatem</strong></span> <span class='ocrx_word' id='word_1_53' title='bbox 1682 1203 1791 1266; x_wconf 88' lang='lat' dir='ltr'><strong>Dei</strong></span> <span class='ocrx_word' id='word_1_54' title='bbox 1834 1214 1891 1266; x_wconf 89' lang='lat' dir='ltr'><strong>et</strong></span> <span class='ocrx_word' id='word_1_55' title='bbox 1938 1204 2219 1269; x_wconf 85' lang='lat' dir='ltr'>Amorem</span> <span class='ocrx_word' id='word_1_56' title='bbox 2260 1193 2401 1280; x_wconf 78' lang='lat' dir='ltr'><strong>Dei,</strong></span> <span class='ocrx_word' id='word_1_57' title='bbox 2455 1229 2522 1268; x_wconf 77' lang='lat' dir='ltr'><strong>ac</strong></span> <span class='ocrx_word' id='word_1_58' title='bbox 2569 1206 2836 1271; x_wconf 81' lang='lat' dir='ltr'><strong>Infinitas</strong></span> <span class='ocrx_word' id='word_1_59' title='bbox 2879 1205 3177 1294; x_wconf 80' lang='lat' dir='ltr'><strong>applicate</strong></span> 
     </span>
     <span class='ocr_line' id='line_1_10' title="bbox 1073 1303 3175 1383; baseline 0.002 -16"><span class='ocrx_word' id='word_1_60' title='bbox 1073 1304 1282 1367; x_wconf 80' lang='lat' dir='ltr'><strong>dicitur</strong></span> <span class='ocrx_word' id='word_1_61' title='bbox 1310 1304 1383 1366; x_wconf 88' lang='lat' dir='ltr'><strong>de</strong></span> <span class='ocrx_word' id='word_1_62' title='bbox 1413 1303 1554 1367; x_wconf 87' lang='lat' dir='ltr'><strong>Esse</strong></span> <span class='ocrx_word' id='word_1_63' title='bbox 1584 1304 1728 1378; x_wconf 89' lang='lat' dir='ltr'><strong>Dei,</strong></span> <span class='ocrx_word' id='word_1_64' title='bbox 1780 1326 1850 1366; x_wconf 89' lang='lat' dir='ltr'><strong>ac</strong></span> <span class='ocrx_word' id='word_1_65' title='bbox 1892 1303 2079 1369; x_wconf 85' lang='lat' dir='ltr'><strong>Amor</strong></span> <span class='ocrx_word' id='word_1_66' title='bbox 2118 1308 2189 1369; x_wconf 81' lang='lat' dir='ltr'><strong>de</strong></span> <span class='ocrx_word' id='word_1_67' title='bbox 2232 1306 2496 1371; x_wconf 78' lang='lat' dir='ltr'><strong>Essentia</strong></span> <span class='ocrx_word' id='word_1_68' title='bbox 2538 1307 2683 1380; x_wconf 85' lang='lat' dir='ltr'><strong>Dei;</strong></span> <span class='ocrx_word' id='word_1_69' title='bbox 2737 1318 2823 1371; x_wconf 89' lang='lat' dir='ltr'><strong>est</strong></span> <span class='ocrx_word' id='word_1_70' title='bbox 2861 1308 3051 1383; x_wconf 88' lang='lat' dir='ltr'><strong>enim,</strong></span> <span class='ocrx_word' id='word_1_71' title='bbox 3112 1320 3175 1372; x_wconf 90' lang='lat' dir='ltr'><strong>ut</strong></span> 
     </span>
     <span class='ocr_line' id='line_1_11' title="bbox 1069 1404 3174 1495; baseline 0.003 -28"><span class='ocrx_word' id='word_1_72' title='bbox 1069 1425 1244 1491; x_wconf 76' lang='lat' dir='ltr'><strong>supra</strong></span> <span class='ocrx_word' id='word_1_73' title='bbox 1274 1405 1525 1478; x_wconf 85' lang='lat' dir='ltr'><strong>dictum,</strong></span> <span class='ocrx_word' id='word_1_74' title='bbox 1581 1404 1722 1467; x_wconf 89' lang='lat' dir='ltr'><strong>Esse</strong></span> <span class='ocrx_word' id='word_1_75' title='bbox 1752 1404 1864 1468; x_wconf 84' lang='lat' dir='ltr'><strong>Dei</strong></span> <span class='ocrx_word' id='word_1_76' title='bbox 1895 1407 2280 1472; x_wconf 79' lang='lat' dir='ltr'><strong>universalius</strong></span> <span class='ocrx_word' id='word_1_77' title='bbox 2311 1431 2486 1495; x_wconf 89' lang='lat' dir='ltr'><strong>quam</strong></span> <span class='ocrx_word' id='word_1_78' title='bbox 2516 1408 2782 1473; x_wconf 90' lang='lat' dir='ltr'><strong>Essentia</strong></span> <span class='ocrx_word' id='word_1_79' title='bbox 2811 1409 2953 1484; x_wconf 88' lang='lat' dir='ltr'><strong>Dei,</strong></span> <span class='ocrx_word' id='word_1_80' title='bbox 3007 1411 3174 1473; x_wconf 89' lang='lat' dir='ltr'><strong>simi-</strong></span> 
     </span>
     <span class='ocr_line' id='line_1_12' title="bbox 1073 1503 3175 1597; baseline 0.004 -30"><span class='ocrx_word' id='word_1_81' title='bbox 1073 1507 1204 1567; x_wconf 83' lang='lat' dir='ltr'><strong>liter</strong></span> <span class='ocrx_word' id='word_1_82' title='bbox 1231 1503 1492 1568; x_wconf 83' lang='lat' dir='ltr'><strong>Infinitas</strong></span> <span class='ocrx_word' id='word_1_83' title='bbox 1521 1505 1910 1570; x_wconf 79' lang='lat' dir='ltr'><strong>universalior</strong></span> <span class='ocrx_word' id='word_1_84' title='bbox 1938 1530 2114 1596; x_wconf 88' lang='lat' dir='ltr'><strong>quam</strong></span> <span class='ocrx_word' id='word_1_85' title='bbox 2153 1507 2342 1575; x_wconf 85' lang='lat' dir='ltr'><strong>Amor</strong></span> <span class='ocrx_word' id='word_1_86' title='bbox 2367 1510 2508 1584; x_wconf 86' lang='lat' dir='ltr'><strong>Dei,</strong></span> <span class='ocrx_word' id='word_1_87' title='bbox 2560 1520 2924 1597; x_wconf 80' lang='lat' dir='ltr'><strong>quapropter</strong></span> <span class='ocrx_word' id='word_1_88' title='bbox 2961 1510 3175 1575; x_wconf 75' lang='lat' dir='ltr'><strong>Infini-</strong></span> 
     </span>
     <span class='ocr_line' id='line_1_13' title="bbox 1073 1606 3174 1696; baseline 0.004 -29"><span class='ocrx_word' id='word_1_89' title='bbox 1073 1615 1194 1668; x_wconf 85' lang='lat' dir='ltr'><strong>tum</strong></span> <span class='ocrx_word' id='word_1_90' title='bbox 1226 1606 1287 1670; x_wconf 87' lang='lat' dir='ltr'><strong>fit</strong></span> <span class='ocrx_word' id='word_1_91' title='bbox 1317 1606 1670 1693; x_wconf 78' lang='lat' dir='ltr'><strong>adjectivum</strong></span> <span class='ocrx_word' id='word_1_92' title='bbox 1706 1606 2110 1673; x_wconf 79' lang='lat' dir='ltr'><strong>Essentialium</strong></span> <span class='ocrx_word' id='word_1_93' title='bbox 2140 1622 2199 1673; x_wconf 86' lang='lat' dir='ltr'><strong>et</strong></span> <span class='ocrx_word' id='word_1_94' title='bbox 2217 1609 2651 1675; x_wconf 84' lang='lat' dir='ltr'><strong>Attributorum</strong></span> <span class='ocrx_word' id='word_1_95' title='bbox 2680 1612 2825 1686; x_wconf 78' lang='lat' dir='ltr'><strong>Dei,</strong></span> <span class='ocrx_word' id='word_1_96' title='bbox 2858 1631 3012 1696; x_wconf 87' lang='lat' dir='ltr'><strong>quae</strong></span> <span class='ocrx_word' id='word_1_97' title='bbox 3039 1635 3174 1676; x_wconf 83' lang='lat' dir='ltr'><strong>om·</strong></span> 
     </span>
     <span class='ocr_line' id='line_1_14' title="bbox 1073 1706 3171 1797; baseline 0.004 -30"><span class='ocrx_word' id='word_1_98' title='bbox 1073 1711 1162 1769; x_wconf 84' lang='lat' dir='ltr'><strong>nia</strong></span> <span class='ocrx_word' id='word_1_99' title='bbox 1196 1706 1429 1771; x_wconf 79' lang='lat' dir='ltr'><strong>Infinita</strong></span> <span class='ocrx_word' id='word_1_100' title='bbox 1463 1709 1766 1781; x_wconf 83' lang='lat' dir='ltr'><strong>dicuntur,</strong></span> <span class='ocrx_word' id='word_1_101' title='bbox 1813 1711 1960 1773; x_wconf 75' lang='lat' dir='ltr'><strong>sicut</strong></span> <span class='ocrx_word' id='word_1_102' title='bbox 1988 1711 2059 1772; x_wconf 88' lang='lat' dir='ltr'><strong>de</strong></span> <span class='ocrx_word' id='word_1_103' title='bbox 2090 1712 2307 1774; x_wconf 88' lang='lat' dir='ltr'><strong>Divino</strong></span> <span class='ocrx_word' id='word_1_104' title='bbox 2338 1710 2557 1774; x_wconf 83' lang='lat' dir='ltr'><strong>Amore</strong></span> <span class='ocrx_word' id='word_1_105' title='bbox 2586 1713 2742 1797; x_wconf 79' lang='lat' dir='ltr'><strong>quod</strong></span> <span class='ocrx_word' id='word_1_106' title='bbox 2770 1710 3039 1776; x_wconf 80' lang='lat' dir='ltr'><strong>Infinitus</strong></span> <span class='ocrx_word' id='word_1_107' title='bbox 3071 1714 3171 1788; x_wconf 88' lang='lat' dir='ltr'><strong>sit,</strong></span> 
     </span>
     <span class='ocr_line' id='line_1_15' title="bbox 1073 1808 3175 1894; baseline 0.003 -23"><span class='ocrx_word' id='word_1_108' title='bbox 1073 1811 1140 1871; x_wconf 75' lang='lat' dir='ltr'><strong>de</strong></span> <span class='ocrx_word' id='word_1_109' title='bbox 1174 1809 1389 1872; x_wconf 86' lang='lat' dir='ltr'><strong>Divina</strong></span> <span class='ocrx_word' id='word_1_110' title='bbox 1415 1808 1715 1892; x_wconf 73' lang='lat' dir='ltr'><strong>Sapientia</strong></span> <span class='ocrx_word' id='word_1_111' title='bbox 1756 1813 1914 1894; x_wconf 86' lang='lat' dir='ltr'><strong>quod</strong></span> <span class='ocrx_word' id='word_1_112' title='bbox 1960 1810 2225 1881; x_wconf 81' lang='lat' dir='ltr'><strong>Infinita.</strong></span> <span class='ocrx_word' id='word_1_113' title='bbox 2281 1812 2351 1874; x_wconf 87' lang='lat' dir='ltr'><strong>de</strong></span> <span class='ocrx_word' id='word_1_114' title='bbox 2393 1814 2607 1877; x_wconf 90' lang='lat' dir='ltr'><strong>Divina</strong></span> <span class='ocrx_word' id='word_1_115' title='bbox 2654 1814 2927 1878; x_wconf 84' lang='lat' dir='ltr'><strong>Potentia</strong></span> <span class='ocrx_word' id='word_1_116' title='bbox 2967 1815 3175 1877; x_wconf 89' lang='lat' dir='ltr'><strong>simili-</strong></span> 
     </span>
     <span class='ocr_line' id='line_1_16' title="bbox 1073 1910 3173 2000; baseline 0.003 -29"><span class='ocrx_word' id='word_1_117' title='bbox 1073 1923 1193 1971; x_wconf 75' lang='lat' dir='ltr'><strong>tert</strong></span> <span class='ocrx_word' id='word_1_118' title='bbox 1235 1932 1356 1972; x_wconf 92' lang='lat' dir='ltr'><strong>non</strong></span> <span class='ocrx_word' id='word_1_119' title='bbox 1384 1910 1542 1996; x_wconf 87' lang='lat' dir='ltr'><strong>quod</strong></span> <span class='ocrx_word' id='word_1_120' title='bbox 1575 1910 1717 1973; x_wconf 84' lang='lat' dir='ltr'><strong>Esse</strong></span> <span class='ocrx_word' id='word_1_121' title='bbox 1746 1912 1853 1975; x_wconf 85' lang='lat' dir='ltr'><strong>Dei</strong></span> <span class='ocrx_word' id='word_1_122' title='bbox 1882 1914 2267 2000; x_wconf 83' lang='lat' dir='ltr'><strong>praeexistat,</strong></span> <span class='ocrx_word' id='word_1_123' title='bbox 2302 1914 2402 1977; x_wconf 87' lang='lat' dir='ltr'><strong>sed</strong></span> <span class='ocrx_word' id='word_1_124' title='bbox 2434 1914 2570 1999; x_wconf 85' lang='lat' dir='ltr'><strong>quia</strong></span> <span class='ocrx_word' id='word_1_125' title='bbox 2600 1914 2927 1999; x_wconf 77' lang='lat' dir='ltr'><strong>ingreditur</strong></span> <span class='ocrx_word' id='word_1_126' title='bbox 2954 1914 3173 1979; x_wconf 83' lang='lat' dir='ltr'><strong>Essen-</strong></span> 
     </span>
     <span class='ocr_line' id='line_1_17' title="bbox 1073 2011 3170 2096; baseline 0.003 -25"><span class='ocrx_word' id='word_1_127' title='bbox 1073 2011 1210 2072; x_wconf 76' lang='lat' dir='ltr'><strong>tiam</strong></span> <span class='ocrx_word' id='word_1_128' title='bbox 1241 2020 1304 2074; x_wconf 87' lang='lat' dir='ltr'><strong>ut</strong></span> <span class='ocrx_word' id='word_1_129' title='bbox 1335 2011 1735 2096; x_wconf 84' lang='lat' dir='ltr'><strong>adjunctivum</strong></span> <span class='ocrx_word' id='word_1_130' title='bbox 1766 2014 2117 2089; x_wconf 84' lang='lat' dir='ltr'><strong>cohaerens,</strong></span> <span class='ocrx_word' id='word_1_131' title='bbox 2170 2014 2595 2089; x_wconf 82' lang='lat' dir='ltr'><strong>determinans,</strong></span> <span class='ocrx_word' id='word_1_132' title='bbox 2648 2014 2939 2091; x_wconf 77' lang='lat' dir='ltr'><strong>formans,</strong></span> <span class='ocrx_word' id='word_1_133' title='bbox 2994 2027 3052 2079; x_wconf 91' lang='lat' dir='ltr'><strong>et</strong></span> <span class='ocrx_word' id='word_1_134' title='bbox 3090 2017 3170 2079; x_wconf 86' lang='lat' dir='ltr'><strong>si-</strong></span> 
     </span>
     <span class='ocr_line' id='line_1_18' title="bbox 1073 2111 3169 2202; baseline 0.005 -32"><span class='ocrx_word' id='word_1_135' title='bbox 1073 2111 1189 2173; x_wconf 81' lang='lat' dir='ltr'><strong>mul</strong></span> <span class='ocrx_word' id='word_1_136' title='bbox 1216 2112 1469 2175; x_wconf 82' lang='lat' dir='ltr'><strong>elevans.</strong></span> <span class='ocrx_word' id='word_1_137' title='bbox 1537 2111 1652 2175; x_wconf 89' lang='lat' dir='ltr'><strong>Sed</strong></span> <span class='ocrx_word' id='word_1_138' title='bbox 1684 2111 1797 2175; x_wconf 88' lang='lat' dir='ltr'><strong>boc</strong></span> <span class='ocrx_word' id='word_1_139' title='bbox 1829 2115 2159 2178; x_wconf 85' lang='lat' dir='ltr'><strong>Membrum</strong></span> <span class='ocrx_word' id='word_1_140' title='bbox 2198 2115 2370 2197; x_wconf 83' lang='lat' dir='ltr'><strong>hujus</strong></span> <span class='ocrx_word' id='word_1_141' title='bbox 2405 2115 2658 2200; x_wconf 86' lang='lat' dir='ltr'><strong>Capitis,</strong></span> <span class='ocrx_word' id='word_1_142' title='bbox 2713 2127 2775 2179; x_wconf 90' lang='lat' dir='ltr'><strong>ut</strong></span> <span class='ocrx_word' id='word_1_143' title='bbox 2819 2116 3050 2202; x_wconf 87' lang='lat' dir='ltr'><strong>priora,</strong></span> <span class='ocrx_word' id='word_1_144' title='bbox 3107 2118 3169 2180; x_wconf 90' lang='lat' dir='ltr'><strong>in</strong></span> 
     </span>
     <span class='ocr_line' id='line_1_19' title="bbox 1069 2212 3176 2309; baseline 0.003 -34"><span class='ocrx_word' id='word_1_145' title='bbox 1069 2223 1390 2298; x_wconf 73' lang='lat' dir='ltr'><strong>sequentes</strong></span> <span class='ocrx_word' id='word_1_146' title='bbox 1408 2212 1704 2276; x_wconf 82' lang='lat' dir='ltr'><strong>Articulos</strong></span> <span class='ocrx_word' id='word_1_147' title='bbox 1731 2217 2103 2303; x_wconf 85' lang='lat' dir='ltr'><strong>dispescetur.</strong></span> <span class='ocrx_word' id='word_1_148' title='bbox 2178 2217 2221 2279; x_wconf 91' lang='lat' dir='ltr'><strong>l.</strong></span> <span class='ocrx_word' id='word_1_149' title='bbox 2284 2216 2470 2299; x_wconf 82' lang='lat' dir='ltr'><strong>Quod</strong></span> <span class='ocrx_word' id='word_1_150' title='bbox 2492 2217 2663 2282; x_wconf 82' lang='lat' dir='ltr'><strong>Dens</strong></span> <span class='ocrx_word' id='word_1_151' title='bbox 2692 2222 2771 2281; x_wconf 86' lang='lat' dir='ltr'><strong>sit</strong></span> <span class='ocrx_word' id='word_1_152' title='bbox 2809 2222 2940 2309; x_wconf 74' lang='lat' dir='ltr'><strong>ipse</strong></span> <span class='ocrx_word' id='word_1_153' title='bbox 2966 2218 3176 2307; x_wconf 78' lang='lat' dir='ltr'><strong>Amor</strong></span> 
     </span>
     <span class='ocr_line' id='line_1_20' title="bbox 1069 2311 3167 2412; baseline 0.003 -36"><span class='ocrx_word' id='word_1_154' title='bbox 1069 2327 1125 2376; x_wconf 66' lang='lat' dir='ltr'><strong>et</strong></span> <span class='ocrx_word' id='word_1_155' title='bbox 1151 2316 1284 2406; x_wconf 75' lang='lat' dir='ltr'><strong>ipsa</strong></span> <span class='ocrx_word' id='word_1_156' title='bbox 1309 2311 1620 2408; x_wconf 80' lang='lat' dir='ltr'><strong>Sapientia</strong></span> <span class='ocrx_word' id='word_1_157' title='bbox 1636 2361 1651 2388; x_wconf 89' lang='lat'><strong>,</strong></span> <span class='ocrx_word' id='word_1_158' title='bbox 1688 2330 1745 2381; x_wconf 81' lang='lat' dir='ltr'><strong>et</strong></span> <span class='ocrx_word' id='word_1_159' title='bbox 1771 2315 1941 2408; x_wconf 82' lang='lat' dir='ltr'><strong>quod</strong></span> <span class='ocrx_word' id='word_1_160' title='bbox 1965 2314 2113 2380; x_wconf 80' lang='lat' dir='ltr'><strong>haec</strong></span> <span class='ocrx_word' id='word_1_161' title='bbox 2139 2314 2527 2405; x_wconf 81' lang='lat' dir='ltr'><strong>dnofaciant</strong></span> <span class='ocrx_word' id='word_1_162' title='bbox 2555 2311 2906 2383; x_wconf 66' lang='lat' dir='ltr'><strong>Essentiani</strong></span> <span class='ocrx_word' id='word_1_163' title='bbox 2933 2320 3167 2412; x_wconf 81' lang='lat' dir='ltr'><strong>Ipsius,</strong></span> 
     </span>
     <span class='ocr_line' id='line_1_21' title="bbox 1073 2415 3167 2512; baseline 0.005 -36"><span class='ocrx_word' id='word_1_164' title='bbox 1073 2416 1144 2480; x_wconf 84' lang='grc' dir='ltr'><strong>ΙΙ.</strong></span> <span class='ocrx_word' id='word_1_165' title='bbox 1201 2415 1385 2499; x_wconf 79' lang='lat' dir='ltr'><strong>Quod</strong></span> <span class='ocrx_word' id='word_1_166' title='bbox 1406 2416 1576 2481; x_wconf 84' lang='lat' dir='ltr'><strong>Dens</strong></span> <span class='ocrx_word' id='word_1_167' title='bbox 1600 2419 1680 2480; x_wconf 80' lang='lat' dir='ltr'><strong>sit</strong></span> <span class='ocrx_word' id='word_1_168' title='bbox 1722 2421 1918 2509; x_wconf 83' lang='lat' dir='ltr'><strong>ipsum</strong></span> <span class='ocrx_word' id='word_1_169' title='bbox 1954 2418 2189 2484; x_wconf 81' lang='lat' dir='ltr'><strong>Bonum</strong></span> <span class='ocrx_word' id='word_1_170' title='bbox 2230 2432 2287 2484; x_wconf 82' lang='lat' dir='ltr'><strong>et</strong></span> <span class='ocrx_word' id='word_1_171' title='bbox 2320 2422 2512 2512; x_wconf 79' lang='lat' dir='ltr'><strong>ipsum</strong></span> <span class='ocrx_word' id='word_1_172' title='bbox 2552 2420 2624 2485; x_wconf 91' lang='lat' dir='ltr'><em>V</em></span> <span class='ocrx_word' id='word_1_173' title='bbox 2619 2443 2815 2495; x_wconf 83' lang='lat' dir='ltr'><strong>erum,</strong></span> <span class='ocrx_word' id='word_1_174' title='bbox 2868 2425 3016 2504; x_wconf 80' lang='lat' dir='ltr'><strong>quia</strong></span> <span class='ocrx_word' id='word_1_175' title='bbox 3042 2421 3167 2486; x_wconf 84' lang='lat' dir='ltr'><strong>Bo-</strong></span> 
     </span>
     <span class='ocr_line' id='line_1_22' title="bbox 1069 2518 3168 2614; baseline 0.003 -34"><span class='ocrx_word' id='word_1_176' title='bbox 1069 2542 1207 2581; x_wconf 73' lang='lat' dir='ltr'><strong>num</strong></span> <span class='ocrx_word' id='word_1_177' title='bbox 1251 2531 1340 2581; x_wconf 80' lang='lat' dir='ltr'><strong>est</strong></span> <span class='ocrx_word' id='word_1_178' title='bbox 1380 2521 1601 2582; x_wconf 83' lang='lat' dir='ltr'><strong>amoris</strong></span> <span class='ocrx_word' id='word_1_179' title='bbox 1620 2565 1637 2592; x_wconf 91' lang='lat'><strong>,</strong></span> <span class='ocrx_word' id='word_1_180' title='bbox 1692 2534 1749 2582; x_wconf 86' lang='lat' dir='ltr'><strong>et</strong></span> <span class='ocrx_word' id='word_1_181' title='bbox 1797 2519 1869 2584; x_wconf 96' lang='lat' dir='ltr'><em>V</em></span> <span class='ocrx_word' id='word_1_182' title='bbox 1864 2543 2029 2583; x_wconf 81' lang='lat' dir='ltr'><strong>eram</strong></span> <span class='ocrx_word' id='word_1_183' title='bbox 2071 2534 2161 2585; x_wconf 79' lang='lat' dir='ltr'><strong>est</strong></span> <span class='ocrx_word' id='word_1_184' title='bbox 2198 2518 2558 2612; x_wconf 78' lang='lat' dir='ltr'><strong>Sapientiae.</strong></span> <span class='ocrx_word' id='word_1_185' title='bbox 2641 2521 2751 2585; x_wconf 93' lang='lat' dir='ltr'><strong>lll.</strong></span> <span class='ocrx_word' id='word_1_186' title='bbox 2811 2521 2996 2605; x_wconf 80' lang='lat' dir='ltr'><strong>Quod</strong></span> <span class='ocrx_word' id='word_1_187' title='bbox 3036 2526 3168 2614; x_wconf 83' lang='lat' dir='ltr'><strong>ipse</strong></span> 
     </span>
     <span class='ocr_line' id='line_1_23' title="bbox 1069 2616 3161 2714; baseline 0 -30"><span class='ocrx_word' id='word_1_188' title='bbox 1069 2616 1267 2684; x_wconf 62' lang='lat' dir='ltr'><strong>Amor</strong></span> <span class='ocrx_word' id='word_1_189' title='bbox 1287 2633 1342 2684; x_wconf 85' lang='lat' dir='ltr'><strong>et</strong></span> <span class='ocrx_word' id='word_1_190' title='bbox 1369 2623 1504 2711; x_wconf 83' lang='lat' dir='ltr'><strong>ipsa</strong></span> <span class='ocrx_word' id='word_1_191' title='bbox 1535 2616 1850 2711; x_wconf 79' lang='lat' dir='ltr'><strong>Sapientia</strong></span> <span class='ocrx_word' id='word_1_192' title='bbox 1881 2624 2004 2685; x_wconf 83' lang='lat' dir='ltr'><strong>sint</strong></span> <span class='ocrx_word' id='word_1_193' title='bbox 2035 2623 2171 2714; x_wconf 82' lang='lat' dir='ltr'><strong>ipsa</strong></span> <span class='ocrx_word' id='word_1_194' title='bbox 2204 2622 2275 2688; x_wconf 90' lang='lat' dir='ltr'><em>V</em></span> <span class='ocrx_word' id='word_1_195' title='bbox 2274 2624 2392 2696; x_wconf 76' lang='lat' dir='ltr'><strong>ita,</strong></span> <span class='ocrx_word' id='word_1_196' title='bbox 2445 2645 2601 2714; x_wconf 85' lang='lat' dir='ltr'><strong>quae</strong></span> <span class='ocrx_word' id='word_1_197' title='bbox 2638 2637 2728 2686; x_wconf 85' lang='lat' dir='ltr'><strong>est</strong></span> <span class='ocrx_word' id='word_1_198' title='bbox 2772 2623 2929 2690; x_wconf 89' lang='lat' dir='ltr'><strong>Vita</strong></span> <span class='ocrx_word' id='word_1_199' title='bbox 2975 2627 3043 2687; x_wconf 83' lang='lat' dir='ltr'><strong>in</strong></span> <span class='ocrx_word' id='word_1_200' title='bbox 3079 2647 3161 2687; x_wconf 87' lang='lat' dir='ltr'><strong>se.</strong></span> 
     </span>
     <span class='ocr_line' id='line_1_24' title="bbox 1073 2719 3168 2814; baseline 0.003 -30"><span class='ocrx_word' id='word_1_201' title='bbox 1073 2719 1165 2784; x_wconf 73' lang='lat' dir='ltr'><strong>W.</strong></span> <span class='ocrx_word' id='word_1_202' title='bbox 1225 2721 1410 2804; x_wconf 81' lang='lat' dir='ltr'><strong>Quod</strong></span> <span class='ocrx_word' id='word_1_203' title='bbox 1432 2720 1503 2785; x_wconf 87' lang='lat' dir='ltr'><em>A</em></span> <span class='ocrx_word' id='word_1_204' title='bbox 1505 2744 1635 2784; x_wconf 83' lang='lat' dir='ltr'><strong>mor</strong></span> <span class='ocrx_word' id='word_1_205' title='bbox 1655 2735 1712 2786; x_wconf 87' lang='lat' dir='ltr'><strong>et</strong></span> <span class='ocrx_word' id='word_1_206' title='bbox 1738 2719 2048 2814; x_wconf 79' lang='lat' dir='ltr'><strong>Sapientia</strong></span> <span class='ocrx_word' id='word_1_207' title='bbox 2074 2727 2137 2787; x_wconf 88' lang='lat' dir='ltr'><strong>in</strong></span> <span class='ocrx_word' id='word_1_208' title='bbox 2163 2723 2297 2788; x_wconf 86' lang='lat' dir='ltr'><strong>Deo</strong></span> <span class='ocrx_word' id='word_1_209' title='bbox 2324 2720 2781 2810; x_wconf 84' lang='lat' dir='ltr'><strong>nnnmfaciant.</strong></span> <span class='ocrx_word' id='word_1_210' title='bbox 2862 2726 2932 2790; x_wconf 91' lang='lat' dir='ltr'><strong>V.</strong></span> <span class='ocrx_word' id='word_1_211' title='bbox 2981 2725 3168 2808; x_wconf 82' lang='lat' dir='ltr'><strong>Quod</strong></span> 
     </span>
     <span class='ocr_line' id='line_1_25' title="bbox 1065 2823 3168 2896; baseline 0.002 -12"><span class='ocrx_word' id='word_1_212' title='bbox 1065 2824 1352 2887; x_wconf 79' lang='lat' dir='ltr'><strong>Essentia</strong></span> <span class='ocrx_word' id='word_1_213' title='bbox 1389 2826 1616 2886; x_wconf 83' lang='lat' dir='ltr'><strong>amoris</strong></span> <span class='ocrx_word' id='word_1_214' title='bbox 1659 2826 1739 2887; x_wconf 82' lang='lat' dir='ltr'><strong>sit</strong></span> <span class='ocrx_word' id='word_1_215' title='bbox 1783 2847 1989 2888; x_wconf 84' lang='lat' dir='ltr'><strong>amare</strong></span> <span class='ocrx_word' id='word_1_216' title='bbox 2029 2823 2191 2889; x_wconf 87' lang='lat' dir='ltr'><strong>alios</strong></span> <span class='ocrx_word' id='word_1_217' title='bbox 2235 2839 2414 2889; x_wconf 80' lang='lat' dir='ltr'><strong>extra</strong></span> <span class='ocrx_word' id='word_1_218' title='bbox 2454 2849 2547 2896; x_wconf 84' lang='lat' dir='ltr'><strong>se,</strong></span> <span class='ocrx_word' id='word_1_219' title='bbox 2604 2823 2767 2888; x_wconf 83' lang='lat' dir='ltr'><strong>velle</strong></span> <span class='ocrx_word' id='word_1_220' title='bbox 2806 2849 2991 2889; x_wconf 82' lang='lat' dir='ltr'><strong>unum</strong></span> <span class='ocrx_word' id='word_1_221' title='bbox 3032 2850 3168 2889; x_wconf 81' lang='lat' dir='ltr'><strong>cum</strong></span> 
     </span>
     <span class='ocr_line' id='line_1_26' title="bbox 1065 2920 3168 3014; baseline 0.003 -30"><span class='ocrx_word' id='word_1_222' title='bbox 1065 2920 1191 2985; x_wconf 65' lang='lat' dir='ltr'><strong>:His</strong></span> <span class='ocrx_word' id='word_1_223' title='bbox 1218 2947 1380 2997; x_wconf 82' lang='lat' dir='ltr'><strong>esse,</strong></span> <span class='ocrx_word' id='word_1_224' title='bbox 1434 2938 1492 2988; x_wconf 85' lang='lat' dir='ltr'><strong>et</strong></span> <span class='ocrx_word' id='word_1_225' title='bbox 1521 2923 1869 3014; x_wconf 74' lang='lat' dir='ltr'><strong>beatificare</strong></span> <span class='ocrx_word' id='word_1_226' title='bbox 1896 2924 2041 2989; x_wconf 83' lang='lat' dir='ltr'><strong>illos</strong></span> <span class='ocrx_word' id='word_1_227' title='bbox 2081 2951 2163 2990; x_wconf 73' lang='lat' dir='ltr'><strong>ea·</strong></span> <span class='ocrx_word' id='word_1_228' title='bbox 2201 2949 2280 2989; x_wconf 83' lang='lat' dir='ltr'><strong>se.</strong></span> <span class='ocrx_word' id='word_1_229' title='bbox 2362 2925 2462 2990; x_wconf 88' lang='lat' dir='ltr'><strong>vl.</strong></span> <span class='ocrx_word' id='word_1_230' title='bbox 2520 2925 2701 3008; x_wconf 84' lang='lat' dir='ltr'><strong>Quod</strong></span> <span class='ocrx_word' id='word_1_231' title='bbox 2745 2924 2891 2990; x_wconf 80' lang='lat' dir='ltr'><strong>haec</strong></span> <span class='ocrx_word' id='word_1_232' title='bbox 2933 2932 3168 2990; x_wconf 81' lang='lat' dir='ltr'><strong>amoris</strong></span> 
     </span>
     <span class='ocr_line' id='line_1_27' title="bbox 1073 3021 3172 3118; baseline 0.002 -30"><span class='ocrx_word' id='word_1_233' title='bbox 1073 3021 1521 3111; x_wconf 76' lang='lat' dir='ltr'><strong>Divinifnerint</strong></span> <span class='ocrx_word' id='word_1_234' title='bbox 1559 3049 1747 3090; x_wconf 82' lang='lat' dir='ltr'><strong>causa</strong></span> <span class='ocrx_word' id='word_1_235' title='bbox 1785 3030 2104 3092; x_wconf 80' lang='lat' dir='ltr'><strong>creationis</strong></span> <span class='ocrx_word' id='word_1_236' title='bbox 2138 3027 2449 3100; x_wconf 75' lang='lat' dir='ltr'><strong>Universi‚</strong></span> <span class='ocrx_word' id='word_1_237' title='bbox 2502 3043 2558 3090; x_wconf 85' lang='lat' dir='ltr'><strong>et</strong></span> <span class='ocrx_word' id='word_1_238' title='bbox 2600 3025 2768 3118; x_wconf 85' lang='lat' dir='ltr'><strong>quod</strong></span> <span class='ocrx_word' id='word_1_239' title='bbox 2806 3031 2929 3091; x_wconf 84' lang='lat' dir='ltr'><strong>sint</strong></span> <span class='ocrx_word' id='word_1_240' title='bbox 2969 3051 3172 3092; x_wconf 84' lang='lat' dir='ltr'><strong>cansa</strong></span> 
     </span>
     <span class='ocr_line' id='line_1_28' title="bbox 1065 3126 2503 3214; baseline 0 -26"><span class='ocrx_word' id='word_1_241' title='bbox 1065 3128 1528 3189; x_wconf 69' lang='lat' dir='ltr'><strong>conservationis</strong></span> <span class='ocrx_word' id='word_1_242' title='bbox 1558 3130 1707 3214; x_wconf 83' lang='lat' dir='ltr'><strong>ejus.</strong></span> <span class='ocrx_word' id='word_1_243' title='bbox 1789 3127 1904 3190; x_wconf 88' lang='lat' dir='ltr'><strong>Sed</strong></span> <span class='ocrx_word' id='word_1_244' title='bbox 1934 3129 2005 3190; x_wconf 88' lang='lat' dir='ltr'><strong>de</strong></span> <span class='ocrx_word' id='word_1_245' title='bbox 2034 3126 2123 3190; x_wconf 90' lang='lat' dir='ltr'><strong>his</strong></span> <span class='ocrx_word' id='word_1_246' title='bbox 2148 3126 2503 3212; x_wconf 77' lang='lat' dir='ltr'><strong>singulatim.</strong></span> 
     </span>
    </p>

    <p class='ocr_par' dir='ltr' id='par_1_6' title="bbox 1053 3226 3181 4326">
     <span class='ocr_line' id='line_1_29' title="bbox 1219 3226 3177 3303; baseline 0.003 -16"><span class='ocrx_word' id='word_1_247' title='bbox 1219 3230 1323 3289; x_wconf 75' lang='lat'><strong>37.</strong></span> <span class='ocrx_word' id='word_1_248' title='bbox 1384 3227 1425 3288; x_wconf 94' lang='lat'><strong>1.</strong></span> <span class='ocrx_word' id='word_1_249' title='bbox 1483 3226 1670 3303; x_wconf 76' lang='lat' dir='ltr'><strong>Quor»</strong></span> <span class='ocrx_word' id='word_1_250' title='bbox 1698 3228 1867 3291; x_wconf 65' lang='lat' dir='ltr'><strong>Deus</strong></span> <span class='ocrx_word' id='word_1_251' title='bbox 1900 3248 1995 3290; x_wconf 75' lang='grc' dir='ltr'><strong>5ιί·</strong></span> <span class='ocrx_word' id='word_1_252' title='bbox 2034 3248 2165 3291; x_wconf 82' lang='lat' dir='ltr'><strong>IPSE</strong></span> <span class='ocrx_word' id='word_1_253' title='bbox 2196 3226 2385 3292; x_wconf 67' lang='lat' dir='ltr'><strong>Aaron</strong></span> <span class='ocrx_word' id='word_1_254' title='bbox 2415 3250 2489 3292; x_wconf 79' lang='grc' dir='ltr'><strong>ΕΤ</strong></span> <span class='ocrx_word' id='word_1_255' title='bbox 2519 3249 2651 3292; x_wconf 74' lang='grc' dir='ltr'><strong>ιΡεΑ</strong></span> <span class='ocrx_word' id='word_1_256' title='bbox 2681 3229 3044 3301; x_wconf 57' lang='lat' dir='ltr'><strong>stimuum,</strong></span> <span class='ocrx_word' id='word_1_257' title='bbox 3094 3251 3177 3293; x_wconf 76' lang='grc' dir='ltr'><strong>Ετ</strong></span> 
     </span>
     <span class='ocr_line' id='line_1_30' title="bbox 1061 3327 3177 3408; baseline 0.003 -20"><span class='ocrx_word' id='word_1_258' title='bbox 1061 3345 1236 3400; x_wconf 60' lang='lat' dir='ltr'><strong>ouon</strong></span> <span class='ocrx_word' id='word_1_259' title='bbox 1264 3347 1403 3391; x_wconf 68' lang='grc' dir='ltr'><strong>ιιιᾼ</strong></span> <span class='ocrx_word' id='word_1_260' title='bbox 1435 3347 1563 3390; x_wconf 76' lang='lat' dir='ltr'><strong>nuo</strong></span> <span class='ocrx_word' id='word_1_261' title='bbox 1588 3348 1857 3392; x_wconf 57' lang='lat' dir='ltr'><strong>nicus-r</strong></span> <span class='ocrx_word' id='word_1_262' title='bbox 1884 3327 2242 3392; x_wconf 70' lang='lat' dir='ltr'><strong>EssenrmM</strong></span> <span class='ocrx_word' id='word_1_263' title='bbox 2270 3327 2484 3392; x_wconf 72' lang='lat' dir='ltr'><strong>lpsms.</strong></span> <span class='ocrx_word' id='word_1_264' title='bbox 2554 3327 2726 3408; x_wconf 89' lang='lat' dir='ltr'><strong>Quod</strong></span> <span class='ocrx_word' id='word_1_265' title='bbox 2753 3328 2942 3393; x_wconf 72' lang='lat' dir='ltr'><strong>Amor</strong></span> <span class='ocrx_word' id='word_1_266' title='bbox 2970 3339 3033 3392; x_wconf 88' lang='lat' dir='ltr'><strong>et</strong></span> <span class='ocrx_word' id='word_1_267' title='bbox 3058 3331 3177 3394; x_wconf 82' lang='lat' dir='ltr'><strong>Sa·</strong></span> 
     </span>
     <span class='ocr_line' id='line_1_31' title="bbox 1065 3426 3175 3513; baseline 0.003 -25"><span class='ocrx_word' id='word_1_268' title='bbox 1065 3427 1278 3512; x_wconf 68' lang='lat' dir='ltr'><strong>pientia</strong></span> <span class='ocrx_word' id='word_1_269' title='bbox 1308 3429 1420 3490; x_wconf 90' lang='lat' dir='ltr'><strong>sint</strong></span> <span class='ocrx_word' id='word_1_270' title='bbox 1450 3430 1566 3490; x_wconf 89' lang='lat' dir='ltr'><strong>duo</strong></span> <span class='ocrx_word' id='word_1_271' title='bbox 1597 3426 1962 3498; x_wconf 85' lang='lat' dir='ltr'><strong>Essentialia‚</strong></span> <span class='ocrx_word' id='word_1_272' title='bbox 2008 3428 2080 3490; x_wconf 90' lang='lat' dir='ltr'><strong>ad</strong></span> <span class='ocrx_word' id='word_1_273' title='bbox 2116 3450 2262 3513; x_wconf 88' lang='lat' dir='ltr'><strong>quae</strong></span> <span class='ocrx_word' id='word_1_274' title='bbox 2289 3451 2351 3493; x_wconf 88' lang='lat' dir='ltr'><strong>se</strong></span> <span class='ocrx_word' id='word_1_275' title='bbox 2382 3430 2642 3494; x_wconf 77' lang='lat' dir='ltr'><strong>referunt</strong></span> <span class='ocrx_word' id='word_1_276' title='bbox 2673 3431 2869 3493; x_wconf 91' lang='lat' dir='ltr'><strong>omnia</strong></span> <span class='ocrx_word' id='word_1_277' title='bbox 2899 3428 3175 3506; x_wconf 84' lang='lat' dir='ltr'><strong>Infinita,</strong></span> 
     </span>
     <span class='ocr_line' id='line_1_32' title="bbox 1061 3529 3179 3620; baseline 0.003 -28"><span class='ocrx_word' id='word_1_278' title='bbox 1061 3551 1212 3616; x_wconf 80' lang='lat' dir='ltr'><strong>quae</strong></span> <span class='ocrx_word' id='word_1_279' title='bbox 1243 3530 1300 3590; x_wconf 91' lang='lat' dir='ltr'><strong>in</strong></span> <span class='ocrx_word' id='word_1_280' title='bbox 1334 3530 1462 3593; x_wconf 87' lang='lat' dir='ltr'><strong>Deo</strong></span> <span class='ocrx_word' id='word_1_281' title='bbox 1492 3541 1659 3604; x_wconf 88' lang='lat' dir='ltr'><strong>sunt,</strong></span> <span class='ocrx_word' id='word_1_282' title='bbox 1707 3538 1763 3591; x_wconf 89' lang='lat' dir='ltr'><strong>et</strong></span> <span class='ocrx_word' id='word_1_283' title='bbox 1794 3549 1945 3613; x_wconf 85' lang='lat' dir='ltr'><strong>quae</strong></span> <span class='ocrx_word' id='word_1_284' title='bbox 1971 3551 2004 3592; x_wconf 90' lang='lat' dir='ltr'><strong>a</strong></span> <span class='ocrx_word' id='word_1_285' title='bbox 2040 3529 2167 3592; x_wconf 86' lang='lat' dir='ltr'><strong>Deo</strong></span> <span class='ocrx_word' id='word_1_286' title='bbox 2193 3529 2551 3616; x_wconf 79' lang='lat' dir='ltr'><strong>procedunt,</strong></span> <span class='ocrx_word' id='word_1_287' title='bbox 2608 3533 2791 3618; x_wconf 83' lang='lat' dir='ltr'><strong>prima</strong></span> <span class='ocrx_word' id='word_1_288' title='bbox 2822 3529 3179 3620; x_wconf 79' lang='lat' dir='ltr'><strong>Antiquitas</strong></span> 
     </span>
     <span class='ocr_line' id='line_1_33' title="bbox 1061 3630 3181 3712; baseline 0.003 -23"><span class='ocrx_word' id='word_1_289' title='bbox 1061 3630 1230 3703; x_wconf 54' lang='lat' dir='ltr'><strong>vidit,</strong></span> <span class='ocrx_word' id='word_1_290' title='bbox 1285 3631 1382 3693; x_wconf 90' lang='lat' dir='ltr'><strong>sed</strong></span> <span class='ocrx_word' id='word_1_291' title='bbox 1413 3631 1657 3695; x_wconf 86' lang='lat' dir='ltr'><strong>Aetates</strong></span> <span class='ocrx_word' id='word_1_292' title='bbox 1686 3638 1997 3712; x_wconf 83' lang='lat' dir='ltr'><strong>sequentes</strong></span> <span class='ocrx_word' id='word_1_293' title='bbox 2026 3631 2385 3706; x_wconf 87' lang='lat' dir='ltr'><strong>successive,</strong></span> <span class='ocrx_word' id='word_1_294' title='bbox 2437 3632 2586 3695; x_wconf 90' lang='lat' dir='ltr'><strong>sicut</strong></span> <span class='ocrx_word' id='word_1_295' title='bbox 2625 3641 2850 3695; x_wconf 88' lang='lat' dir='ltr'><strong>mentes</strong></span> <span class='ocrx_word' id='word_1_296' title='bbox 2890 3632 3181 3696; x_wconf 83' lang='lat' dir='ltr'><strong>detraxe-</strong></span> 
     </span>
     <span class='ocr_line' id='line_1_34' title="bbox 1057 3730 3177 3818; baseline 0.002 -25"><span class='ocrx_word' id='word_1_297' title='bbox 1057 3740 1192 3794; x_wconf 77' lang='lat' dir='ltr'><strong>runt</strong></span> <span class='ocrx_word' id='word_1_298' title='bbox 1218 3754 1251 3795; x_wconf 90' lang='lat' dir='ltr'><strong>e</strong></span> <span class='ocrx_word' id='word_1_299' title='bbox 1281 3731 1462 3796; x_wconf 87' lang='lat' dir='ltr'><strong>Caelo</strong></span> <span class='ocrx_word' id='word_1_300' title='bbox 1481 3777 1498 3802; x_wconf 92' lang='lat'>‚</span> <span class='ocrx_word' id='word_1_301' title='bbox 1542 3741 1600 3792; x_wconf 91' lang='lat' dir='ltr'><strong>et</strong></span> <span class='ocrx_word' id='word_1_302' title='bbox 1627 3730 1755 3793; x_wconf 89' lang='lat' dir='ltr'><strong>illas</strong></span> <span class='ocrx_word' id='word_1_303' title='bbox 1786 3730 2095 3794; x_wconf 89' lang='lat' dir='ltr'><strong>mundanis</strong></span> <span class='ocrx_word' id='word_1_304' title='bbox 2122 3741 2179 3793; x_wconf 88' lang='lat' dir='ltr'><strong>et</strong></span> <span class='ocrx_word' id='word_1_305' title='bbox 2209 3733 2510 3818; x_wconf 79' lang='lat' dir='ltr'><strong>corporeis</strong></span> <span class='ocrx_word' id='word_1_306' title='bbox 2538 3734 2985 3809; x_wconf 86' lang='lat' dir='ltr'><strong>immerserunt,</strong></span> <span class='ocrx_word' id='word_1_307' title='bbox 3044 3757 3177 3798; x_wconf 91' lang='lat' dir='ltr'><strong>non</strong></span> 
     </span>
     <span class='ocr_line' id='line_1_35' title="bbox 1057 3830 3177 3920; baseline 0.002 -24"><span class='ocrx_word' id='word_1_308' title='bbox 1057 3841 1373 3920; x_wconf 74' lang='lat' dir='ltr'><strong>putuerunt</strong></span> <span class='ocrx_word' id='word_1_309' title='bbox 1404 3833 1636 3901; x_wconf 67' lang='lat' dir='ltr'><strong>videre,</strong></span> <span class='ocrx_word' id='word_1_310' title='bbox 1694 3830 2036 3914; x_wconf 87' lang='lat' dir='ltr'><strong>inceperunt</strong></span> <span class='ocrx_word' id='word_1_311' title='bbox 2067 3833 2226 3894; x_wconf 87' lang='lat' dir='ltr'><strong>enim</strong></span> <span class='ocrx_word' id='word_1_312' title='bbox 2252 3853 2371 3898; x_wconf 86' lang='lat' dir='ltr'><strong>non</strong></span> <span class='ocrx_word' id='word_1_313' title='bbox 2400 3835 2547 3897; x_wconf 85' lang='lat' dir='ltr'><strong>scire</strong></span> <span class='ocrx_word' id='word_1_314' title='bbox 2580 3835 2719 3919; x_wconf 89' lang='lat' dir='ltr'><strong>quid</strong></span> <span class='ocrx_word' id='word_1_315' title='bbox 2748 3833 2937 3899; x_wconf 87' lang='lat' dir='ltr'><strong>Amor</strong></span> <span class='ocrx_word' id='word_1_316' title='bbox 2964 3835 3029 3898; x_wconf 87' lang='lat' dir='ltr'><strong>in</strong></span> <span class='ocrx_word' id='word_1_317' title='bbox 3056 3857 3177 3900; x_wconf 85' lang='lat' dir='ltr'><strong>sua</strong></span> 
     </span>
     <span class='ocr_line' id='line_1_36' title="bbox 1053 3930 3174 4020; baseline 0.003 -24"><span class='ocrx_word' id='word_1_318' title='bbox 1053 3934 1298 3997; x_wconf 73' lang='lat' dir='ltr'><strong>essentia</strong></span> <span class='ocrx_word' id='word_1_319' title='bbox 1321 3982 1336 4007; x_wconf 98' lang='lat'><strong>,</strong></span> <span class='ocrx_word' id='word_1_320' title='bbox 1393 3942 1450 3994; x_wconf 87' lang='lat' dir='ltr'><strong>et</strong></span> <span class='ocrx_word' id='word_1_321' title='bbox 1477 3930 1612 3993; x_wconf 90' lang='lat' dir='ltr'><strong>inde</strong></span> <span class='ocrx_word' id='word_1_322' title='bbox 1642 3931 1780 4018; x_wconf 87' lang='lat' dir='ltr'><strong>quid</strong></span> <span class='ocrx_word' id='word_1_323' title='bbox 1807 3931 2109 4017; x_wconf 86' lang='lat' dir='ltr'><strong>Sapientia</strong></span> <span class='ocrx_word' id='word_1_324' title='bbox 2157 3934 2215 3995; x_wconf 88' lang='lat' dir='ltr'><strong>in</strong></span> <span class='ocrx_word' id='word_1_325' title='bbox 2240 3953 2381 4006; x_wconf 89' lang='lat' dir='ltr'><strong>sua,</strong></span> <span class='ocrx_word' id='word_1_326' title='bbox 2426 3935 2749 4000; x_wconf 89' lang='lat' dir='ltr'><strong>nescientes</strong></span> <span class='ocrx_word' id='word_1_327' title='bbox 2779 3936 2940 4020; x_wconf 88' lang='lat' dir='ltr'><strong>quod</strong></span> <span class='ocrx_word' id='word_1_328' title='bbox 2968 3933 3174 4002; x_wconf 79' lang='lat' dir='ltr'><strong>Amor</strong></span> 
     </span>
     <span class='ocr_line' id='line_1_37' title="bbox 1053 4031 3172 4122; baseline 0.002 -26"><span class='ocrx_word' id='word_1_329' title='bbox 1053 4036 1383 4100; x_wconf 74' lang='lat' dir='ltr'><strong>abstractus</strong></span> <span class='ocrx_word' id='word_1_330' title='bbox 1410 4052 1443 4095; x_wconf 87' lang='lat' dir='ltr'><strong>a</strong></span> <span class='ocrx_word' id='word_1_331' title='bbox 1473 4031 1660 4096; x_wconf 77' lang='lat' dir='ltr'><strong>forma</strong></span> <span class='ocrx_word' id='word_1_332' title='bbox 1693 4055 1808 4096; x_wconf 91' lang='lat' dir='ltr'><strong>non</strong></span> <span class='ocrx_word' id='word_1_333' title='bbox 1838 4032 2049 4098; x_wconf 88' lang='lat' dir='ltr'><strong>dabilis</strong></span> <span class='ocrx_word' id='word_1_334' title='bbox 2075 4033 2181 4109; x_wconf 88' lang='lat' dir='ltr'><strong>sit,</strong></span> <span class='ocrx_word' id='word_1_335' title='bbox 2238 4043 2294 4096; x_wconf 88' lang='lat' dir='ltr'><strong>et</strong></span> <span class='ocrx_word' id='word_1_336' title='bbox 2323 4036 2477 4119; x_wconf 79' lang='lat' dir='ltr'><strong>quod</strong></span> <span class='ocrx_word' id='word_1_337' title='bbox 2506 4035 2563 4097; x_wconf 92' lang='lat' dir='ltr'><strong>in</strong></span> <span class='ocrx_word' id='word_1_338' title='bbox 2594 4035 2781 4098; x_wconf 78' lang='lat' dir='ltr'><strong>forma</strong></span> <span class='ocrx_word' id='word_1_339' title='bbox 2813 4046 2871 4098; x_wconf 87' lang='lat' dir='ltr'><strong>et</strong></span> <span class='ocrx_word' id='word_1_340' title='bbox 2900 4058 3008 4122; x_wconf 89' lang='lat' dir='ltr'><strong>per</strong></span> <span class='ocrx_word' id='word_1_341' title='bbox 3036 4036 3172 4101; x_wconf 85' lang='lat' dir='ltr'><strong>for-</strong></span> 
     </span>
     <span class='ocr_line' id='line_1_38' title="bbox 1053 4133 3172 4224; baseline 0.002 -28"><span class='ocrx_word' id='word_1_342' title='bbox 1053 4156 1207 4200; x_wconf 78' lang='lat' dir='ltr'><strong>mam</strong></span> <span class='ocrx_word' id='word_1_343' title='bbox 1236 4144 1535 4220; x_wconf 84' lang='lat' dir='ltr'><strong>operetur.</strong></span> <span class='ocrx_word' id='word_1_344' title='bbox 1607 4133 1782 4197; x_wconf 88' lang='lat' dir='ltr'><strong>Nunc</strong></span> <span class='ocrx_word' id='word_1_345' title='bbox 1809 4134 1948 4222; x_wconf 88' lang='lat' dir='ltr'><strong>quia</strong></span> <span class='ocrx_word' id='word_1_346' title='bbox 1973 4135 2142 4199; x_wconf 89' lang='lat' dir='ltr'><strong>-Deus</strong></span> <span class='ocrx_word' id='word_1_347' title='bbox 2170 4143 2257 4198; x_wconf 88' lang='lat' dir='ltr'><strong>est</strong></span> <span class='ocrx_word' id='word_1_348' title='bbox 2295 4133 2420 4219; x_wconf 86' lang='lat' dir='ltr'><strong>ipsa</strong></span> <span class='ocrx_word' id='word_1_349' title='bbox 2439 4183 2455 4210; x_wconf 95' lang='lat'><strong>,</strong></span> <span class='ocrx_word' id='word_1_350' title='bbox 2500 4144 2559 4197; x_wconf 91' lang='lat' dir='ltr'><strong>et</strong></span> <span class='ocrx_word' id='word_1_351' title='bbox 2590 4136 2758 4199; x_wconf 83' lang='lat' dir='ltr'><strong>unica</strong></span> <span class='ocrx_word' id='word_1_352' title='bbox 2777 4183 2792 4210; x_wconf 94' lang='lat'><strong>,</strong></span> <span class='ocrx_word' id='word_1_353' title='bbox 2840 4145 2901 4200; x_wconf 89' lang='lat' dir='ltr'><strong>et</strong></span> <span class='ocrx_word' id='word_1_354' title='bbox 2928 4136 3015 4200; x_wconf 87' lang='lat' dir='ltr'><strong>sic</strong></span> <span class='ocrx_word' id='word_1_355' title='bbox 3044 4138 3172 4224; x_wconf 84' lang='lat' dir='ltr'><strong>pri·</strong></span> 
     </span>
     <span class='ocr_line' id='line_1_39' title="bbox 1053 4232 3175 4326; baseline 0.004 -34"><span class='ocrx_word' id='word_1_356' title='bbox 1053 4256 1145 4298; x_wconf 78' lang='lat' dir='ltr'><strong>ma</strong></span> <span class='ocrx_word' id='word_1_357' title='bbox 1172 4232 1512 4298; x_wconf 89' lang='lat' dir='ltr'><strong>Substantia</strong></span> <span class='ocrx_word' id='word_1_358' title='bbox 1541 4243 1600 4297; x_wconf 88' lang='lat' dir='ltr'><strong>et</strong></span> <span class='ocrx_word' id='word_1_359' title='bbox 1626 4235 1875 4310; x_wconf 86' lang='lat' dir='ltr'><strong>Forma,</strong></span> <span class='ocrx_word' id='word_1_360' title='bbox 1916 4256 2168 4320; x_wconf 86' lang='lat' dir='ltr'><strong>quarum</strong></span> <span class='ocrx_word' id='word_1_361' title='bbox 2201 4235 2466 4299; x_wconf 83' lang='lat' dir='ltr'><strong>Essentia</strong></span> <span class='ocrx_word' id='word_1_362' title='bbox 2498 4245 2582 4299; x_wconf 89' lang='lat' dir='ltr'><strong>est</strong></span> <span class='ocrx_word' id='word_1_363' title='bbox 2612 4234 2797 4299; x_wconf 80' lang='lat' dir='ltr'><strong>Amm-</strong></span> <span class='ocrx_word' id='word_1_364' title='bbox 2825 4249 2882 4300; x_wconf 87' lang='lat' dir='ltr'><strong>et</strong></span> <span class='ocrx_word' id='word_1_365' title='bbox 2910 4236 3175 4326; x_wconf 85' lang='lat' dir='ltr'><strong>Sapien-</strong></span> 
     </span>
    </p>
   </div>
  </div>
 </body>
</html>
