<?xml version="1.0" encoding="UTF-8"?>
<!DOCTYPE html PUBLIC "-//W3C//DTD XHTML 1.0 Transitional//EN"
    "http://www.w3.org/TR/xhtml1/DTD/xhtml1-transitional.dtd">
<html xmlns="http://www.w3.org/1999/xhtml" xml:lang="en" lang="en">
 <head>
  <title>
</title>
<meta http-equiv="Content-Type" content="text/html;charset=utf-8" />
  <meta name='ocr-system' content='tesseract 3.04.00' />
  <meta name='ocr-capabilities' content='ocr_page ocr_carea ocr_par ocr_line ocrx_word'/>
</head>
<body>
  <div class='ocr_page' id='page_1' title='image "./verachristianar00tafegoog_0135.png"; bbox 0 0 3309 4775; ppageno 0'>
   <div class='ocr_carea' id='block_1_1' title="bbox 1005 369 2657 433">
    <p class='ocr_par' dir='ltr' id='par_1_1' title="bbox 1005 369 2657 433">
     <span class='ocr_line' id='line_1_1' title="bbox 1005 369 2657 433; baseline 0.003 -14"><span class='ocrx_word' id='word_1_1' title='bbox 1005 369 1077 421; x_wconf 88' lang='lat'><strong>11.</strong></span> <span class='ocrx_word' id='word_1_2' title='bbox 1164 369 1572 423; x_wconf 84' lang='lat' dir='ltr'>DOMINUS</span> <span class='ocrx_word' id='word_1_3' title='bbox 1619 370 2198 423; x_wconf 76' lang='lat' dir='ltr'>REDEMPTOR.</span> <span class='ocrx_word' id='word_1_4' title='bbox 2553 388 2657 433; x_wconf 76' lang='lat'><strong>129</strong></span> 
     </span>
    </p>
   </div>
   <div class='ocr_carea' id='block_1_2' title="bbox 466 522 2776 4331">
    <p class='ocr_par' dir='ltr' id='par_1_2' title="bbox 466 522 2690 2825">
     <span class='ocr_line' id='line_1_2' title="bbox 543 522 2659 609; baseline 0.002 -23"><span class='ocrx_word' id='word_1_5' title='bbox 543 533 754 586; x_wconf 84' lang='lat' dir='ltr'><strong>uotum</strong></span> <span class='ocrx_word' id='word_1_6' title='bbox 785 531 871 585; x_wconf 81' lang='lat' dir='ltr'><strong>est</strong></span> <span class='ocrx_word' id='word_1_7' title='bbox 900 522 958 583; x_wconf 92' lang='lat' dir='ltr'><strong>in</strong></span> <span class='ocrx_word' id='word_1_8' title='bbox 992 522 1289 595; x_wconf 88' lang='lat' dir='ltr'><strong>Ecclesia;</strong></span> <span class='ocrx_word' id='word_1_9' title='bbox 1333 522 1496 606; x_wconf 83' lang='lat' dir='ltr'><strong>prior</strong></span> <span class='ocrx_word' id='word_1_10' title='bbox 1519 523 1756 599; x_wconf 90' lang='lat' dir='ltr'><strong>Status,</strong></span> <span class='ocrx_word' id='word_1_11' title='bbox 1795 524 1894 609; x_wconf 88' lang='lat' dir='ltr'><strong>qui</strong></span> <span class='ocrx_word' id='word_1_12' title='bbox 1926 523 2033 588; x_wconf 86' lang='lat' dir='ltr'><strong>fuit</strong></span> <span class='ocrx_word' id='word_1_13' title='bbox 2062 523 2518 603; x_wconf 80' lang='lat' dir='ltr'><strong>Exinanitionis,</strong></span> <span class='ocrx_word' id='word_1_14' title='bbox 2556 526 2659 592; x_wconf 89' lang='lat' dir='ltr'><strong>de-</strong></span> 
     </span>
     <span class='ocr_line' id='line_1_3' title="bbox 541 622 2658 712; baseline 0.002 -24"><span class='ocrx_word' id='word_1_15' title='bbox 541 623 826 688; x_wconf 77' lang='lat' dir='ltr'><strong>scribitur</strong></span> <span class='ocrx_word' id='word_1_16' title='bbox 855 622 1052 686; x_wconf 90' lang='lat' dir='ltr'><strong>multis</strong></span> <span class='ocrx_word' id='word_1_17' title='bbox 1077 622 1138 685; x_wconf 92' lang='lat' dir='ltr'><strong>in</strong></span> <span class='ocrx_word' id='word_1_18' title='bbox 1170 622 1313 686; x_wconf 86' lang='lat' dir='ltr'><strong>locis</strong></span> <span class='ocrx_word' id='word_1_19' title='bbox 1339 623 1397 684; x_wconf 91' lang='lat' dir='ltr'><strong>in</strong></span> <span class='ocrx_word' id='word_1_20' title='bbox 1428 624 1666 699; x_wconf 89' lang='lat' dir='ltr'><strong>Verbo,</strong></span> <span class='ocrx_word' id='word_1_21' title='bbox 1718 624 2003 712; x_wconf 83' lang='lat' dir='ltr'><strong>imprimis</strong></span> <span class='ocrx_word' id='word_1_22' title='bbox 2032 625 2090 687; x_wconf 92' lang='lat' dir='ltr'><strong>in</strong></span> <span class='ocrx_word' id='word_1_23' title='bbox 2116 625 2368 690; x_wconf 78' lang='lat' dir='ltr'><strong>Psalmis</strong></span> <span class='ocrx_word' id='word_1_24' title='bbox 2395 627 2658 704; x_wconf 87' lang='lat' dir='ltr'><strong>Davidis,</strong></span> 
     </span>
     <span class='ocr_line' id='line_1_4' title="bbox 543 722 2652 818; baseline 0.002 -31"><span class='ocrx_word' id='word_1_25' title='bbox 543 734 605 787; x_wconf 89' lang='lat' dir='ltr'><strong>et</strong></span> <span class='ocrx_word' id='word_1_26' title='bbox 645 745 883 809; x_wconf 88' lang='lat' dir='ltr'><strong>quoque</strong></span> <span class='ocrx_word' id='word_1_27' title='bbox 927 723 1083 810; x_wconf 88' lang='lat' dir='ltr'><strong>apud</strong></span> <span class='ocrx_word' id='word_1_28' title='bbox 1134 722 1496 811; x_wconf 80' lang='lat' dir='ltr'><strong>Prophetas,</strong></span> <span class='ocrx_word' id='word_1_29' title='bbox 1549 731 1610 786; x_wconf 85' lang='lat' dir='ltr'><strong>et</strong></span> <span class='ocrx_word' id='word_1_30' title='bbox 1649 724 1991 809; x_wconf 75' lang='lat' dir='ltr'><strong>singulatim</strong></span> <span class='ocrx_word' id='word_1_31' title='bbox 2037 728 2191 813; x_wconf 86' lang='lat' dir='ltr'><strong>apud</strong></span> <span class='ocrx_word' id='word_1_32' title='bbox 2232 726 2470 810; x_wconf 79' lang='lat' dir='ltr'><strong>Esaiam</strong></span> <span class='ocrx_word' id='word_1_33' title='bbox 2511 728 2652 818; x_wconf 85' lang='lat' dir='ltr'><strong>Cap.</strong></span> 
     </span>
     <span class='ocr_line' id='line_1_5' title="bbox 543 823 2662 914; baseline 0.002 -25"><span class='ocrx_word' id='word_1_34' title='bbox 543 823 722 900; x_wconf 90' lang='lat' dir='ltr'><strong>LIII,</strong></span> <span class='ocrx_word' id='word_1_35' title='bbox 776 825 876 888; x_wconf 88' lang='lat' dir='ltr'><strong>ubi</strong></span> <span class='ocrx_word' id='word_1_36' title='bbox 924 823 1171 899; x_wconf 87' lang='lat' dir='ltr'><strong>dicitur,</strong></span> <span class='ocrx_word' id='word_1_37' title='bbox 1222 823 1392 914; x_wconf 81' lang='lat' dir='ltr'><strong>quod</strong></span> <span class='ocrx_word' id='word_1_38' title='bbox 1435 847 1624 912; x_wconf 80' lang='lat' dir='ltr'><strong>usque</strong></span> <span class='ocrx_word' id='word_1_39' title='bbox 1667 825 1757 889; x_wconf 87' lang='lat' dir='ltr'><strong>ad</strong></span> <span class='ocrx_word' id='word_1_40' title='bbox 1797 839 2039 891; x_wconf 81' lang='lat' dir='ltr'><strong>mortem</strong></span> <span class='ocrx_word' id='word_1_41' title='bbox 2082 831 2484 893; x_wconf 70' lang='lat' dir='ltr'><strong>exinaniuerit</strong></span> <span class='ocrx_word' id='word_1_42' title='bbox 2527 834 2662 893; x_wconf 84' lang='lat' dir='ltr'><strong>ani-</strong></span> 
     </span>
     <span class='ocr_line' id='line_1_6' title="bbox 466 924 2660 1000; baseline 0.004 -13"><span class='ocrx_word' id='word_1_43' title='bbox 466 984 471 987; x_wconf 74' lang='grc'><strong>.</strong></span> <span class='ocrx_word' id='word_1_44' title='bbox 544 949 702 990; x_wconf 85' lang='lat' dir='ltr'><strong>mam</strong></span> <span class='ocrx_word' id='word_1_45' title='bbox 730 947 939 1000; x_wconf 80' lang='lat' dir='ltr'><strong>suam,</strong></span> <span class='ocrx_word' id='word_1_46' title='bbox 981 924 1145 991; x_wconf 88' lang='lat' dir='ltr'><strong>Vers.</strong></span> <span class='ocrx_word' id='word_1_47' title='bbox 1185 928 1295 997; x_wconf 65' lang='lat'><strong>12,</strong></span> <span class='ocrx_word' id='word_1_48' title='bbox 1351 925 1504 988; x_wconf 88' lang='lat' dir='ltr'><strong>idem</strong></span> <span class='ocrx_word' id='word_1_49' title='bbox 1533 924 1629 988; x_wconf 93' lang='lat' dir='ltr'><strong>hic</strong></span> <span class='ocrx_word' id='word_1_50' title='bbox 1654 925 1856 989; x_wconf 87' lang='lat' dir='ltr'><strong>Status</strong></span> <span class='ocrx_word' id='word_1_51' title='bbox 1883 926 1990 990; x_wconf 87' lang='lat' dir='ltr'><strong>suit</strong></span> <span class='ocrx_word' id='word_1_52' title='bbox 2016 937 2203 991; x_wconf 88' lang='lat' dir='ltr'><strong>status</strong></span> <span class='ocrx_word' id='word_1_53' title='bbox 2237 927 2660 995; x_wconf 87' lang='lat' dir='ltr'><strong>humiliationis</strong></span> 
     </span>
     <span class='ocr_line' id='line_1_7' title="bbox 548 1024 2657 1114; baseline 0.002 -25"><span class='ocrx_word' id='word_1_54' title='bbox 548 1027 736 1114; x_wconf 86' lang='lat' dir='ltr'><strong>Ipsius</strong></span> <span class='ocrx_word' id='word_1_55' title='bbox 781 1045 983 1088; x_wconf 89' lang='lat' dir='ltr'><strong>coram</strong></span> <span class='ocrx_word' id='word_1_56' title='bbox 1028 1024 1242 1101; x_wconf 87' lang='lat' dir='ltr'><strong>Patre,</strong></span> <span class='ocrx_word' id='word_1_57' title='bbox 1296 1047 1432 1089; x_wconf 89' lang='lat' dir='ltr'><strong>nam</strong></span> <span class='ocrx_word' id='word_1_58' title='bbox 1480 1027 1538 1088; x_wconf 93' lang='lat' dir='ltr'><strong>in</strong></span> <span class='ocrx_word' id='word_1_59' title='bbox 1580 1027 1682 1089; x_wconf 92' lang='lat' dir='ltr'><strong>illo</strong></span> <span class='ocrx_word' id='word_1_60' title='bbox 1722 1027 1918 1091; x_wconf 86' lang='lat' dir='ltr'><strong>oravit</strong></span> <span class='ocrx_word' id='word_1_61' title='bbox 1958 1028 2031 1091; x_wconf 89' lang='lat' dir='ltr'><strong>ad</strong></span> <span class='ocrx_word' id='word_1_62' title='bbox 2072 1029 2347 1103; x_wconf 87' lang='lat' dir='ltr'><strong>Patrem,</strong></span> <span class='ocrx_word' id='word_1_63' title='bbox 2401 1051 2471 1092; x_wconf 84' lang='lat' dir='ltr'><strong>ac</strong></span> <span class='ocrx_word' id='word_1_64' title='bbox 2516 1031 2657 1095; x_wconf 84' lang='lat' dir='ltr'><strong>dicit</strong></span> 
     </span>
     <span class='ocr_line' id='line_1_8' title="bbox 547 1125 2660 1219; baseline 0.003 -30"><span class='ocrx_word' id='word_1_65' title='bbox 547 1127 706 1210; x_wconf 89' lang='lat' dir='ltr'><strong>quod</strong></span> <span class='ocrx_word' id='word_1_66' title='bbox 738 1127 1103 1190; x_wconf 83' lang='lat' dir='ltr'><strong>voluntatem</strong></span> <span class='ocrx_word' id='word_1_67' title='bbox 1137 1125 1326 1211; x_wconf 89' lang='lat' dir='ltr'><strong>Ipsius</strong></span> <span class='ocrx_word' id='word_1_68' title='bbox 1359 1127 1569 1203; x_wconf 82' lang='lat' dir='ltr'><strong>saciat,</strong></span> <span class='ocrx_word' id='word_1_69' title='bbox 1623 1135 1684 1191; x_wconf 88' lang='lat' dir='ltr'><strong>et</strong></span> <span class='ocrx_word' id='word_1_70' title='bbox 1716 1126 1997 1192; x_wconf 81' lang='lat' dir='ltr'><strong>adscribit</strong></span> <span class='ocrx_word' id='word_1_71' title='bbox 2040 1130 2236 1193; x_wconf 86' lang='lat' dir='ltr'><strong>omnia</strong></span> <span class='ocrx_word' id='word_1_72' title='bbox 2268 1151 2419 1216; x_wconf 90' lang='lat' dir='ltr'><strong>quae</strong></span> <span class='ocrx_word' id='word_1_73' title='bbox 2450 1153 2660 1219; x_wconf 82' lang='lat' dir='ltr'><strong>opera-</strong></span> 
     </span>
     <span class='ocr_line' id='line_1_9' title="bbox 550 1226 2660 1313; baseline 0.003 -24"><span class='ocrx_word' id='word_1_74' title='bbox 550 1237 644 1291; x_wconf 91' lang='lat' dir='ltr'><strong>tus</strong></span> <span class='ocrx_word' id='word_1_75' title='bbox 681 1236 739 1289; x_wconf 89' lang='lat' dir='ltr'><strong>et</strong></span> <span class='ocrx_word' id='word_1_76' title='bbox 781 1226 1061 1312; x_wconf 77' lang='lat' dir='ltr'><strong>loquutus</strong></span> <span class='ocrx_word' id='word_1_77' title='bbox 1092 1235 1180 1291; x_wconf 90' lang='lat' dir='ltr'><strong>est</strong></span> <span class='ocrx_word' id='word_1_78' title='bbox 1209 1227 1408 1300; x_wconf 83' lang='lat' dir='ltr'><strong>Patri;</strong></span> <span class='ocrx_word' id='word_1_79' title='bbox 1462 1228 1619 1313; x_wconf 91' lang='lat' dir='ltr'><strong>quod</strong></span> <span class='ocrx_word' id='word_1_80' title='bbox 1670 1231 1931 1293; x_wconf 81' lang='lat' dir='ltr'><strong>oraverit</strong></span> <span class='ocrx_word' id='word_1_81' title='bbox 1972 1228 2045 1292; x_wconf 91' lang='lat' dir='ltr'><strong>ad</strong></span> <span class='ocrx_word' id='word_1_82' title='bbox 2095 1228 2371 1305; x_wconf 84' lang='lat' dir='ltr'><strong>Patrem,</strong></span> <span class='ocrx_word' id='word_1_83' title='bbox 2426 1242 2660 1297; x_wconf 88' lang='lat' dir='ltr'><strong>constat</strong></span> 
     </span>
     <span class='ocr_line' id='line_1_10' title="bbox 550 1326 2657 1416; baseline 0.004 -27"><span class='ocrx_word' id='word_1_84' title='bbox 550 1347 620 1390; x_wconf 77' lang='lat' dir='ltr'><strong>ex</strong></span> <span class='ocrx_word' id='word_1_85' title='bbox 667 1326 757 1390; x_wconf 90' lang='lat' dir='ltr'><strong>his</strong></span> <span class='ocrx_word' id='word_1_86' title='bbox 800 1327 972 1400; x_wconf 88' lang='lat' dir='ltr'><strong>locis,</strong></span> <span class='ocrx_word' id='word_1_87' title='bbox 1027 1327 1239 1391; x_wconf 67' lang='lat' dir='ltr'><strong>Manli.</strong></span> <span class='ocrx_word' id='word_1_88' title='bbox 1286 1327 1446 1393; x_wconf 88' lang='lat' dir='ltr'>XIV.</span> <span class='ocrx_word' id='word_1_89' title='bbox 1498 1333 1601 1392; x_wconf 82' lang='lat'><strong>23.</strong></span> <span class='ocrx_word' id='word_1_90' title='bbox 1677 1329 1864 1394; x_wconf 86' lang='lat' dir='ltr'><strong>Marc.</strong></span> <span class='ocrx_word' id='word_1_91' title='bbox 1911 1329 1971 1393; x_wconf 79' lang='lat'><strong>1:</strong></span> <span class='ocrx_word' id='word_1_92' title='bbox 2023 1333 2125 1393; x_wconf 80' lang='lat'><strong>35.</strong></span> <span class='ocrx_word' id='word_1_93' title='bbox 2198 1329 2339 1416; x_wconf 88' lang='lat' dir='ltr'><strong>Cap.</strong></span> <span class='ocrx_word' id='word_1_94' title='bbox 2388 1330 2501 1394; x_wconf 89' lang='lat' dir='ltr'><strong>Vl:</strong></span> <span class='ocrx_word' id='word_1_95' title='bbox 2552 1338 2657 1397; x_wconf 77' lang='lat'><strong>46.</strong></span> 
     </span>
     <span class='ocr_line' id='line_1_11' title="bbox 551 1425 2660 1517; baseline 0.002 -27"><span class='ocrx_word' id='word_1_96' title='bbox 551 1425 693 1516; x_wconf 84' lang='lat' dir='ltr'><strong>Gap.</strong></span> <span class='ocrx_word' id='word_1_97' title='bbox 725 1426 901 1491; x_wconf 87' lang='lat' dir='ltr'>XIV:</span> <span class='ocrx_word' id='word_1_98' title='bbox 946 1431 1030 1490; x_wconf 75' lang='lat'><strong>32</strong></span> <span class='ocrx_word' id='word_1_99' title='bbox 1061 1429 1135 1491; x_wconf 90' lang='lat' dir='ltr'><strong>ad</strong></span> <span class='ocrx_word' id='word_1_100' title='bbox 1169 1432 1271 1491; x_wconf 80' lang='lat'><strong>39.</strong></span> <span class='ocrx_word' id='word_1_101' title='bbox 1320 1427 1461 1491; x_wconf 88' lang='lat' dir='ltr'><strong>Luc.</strong></span> <span class='ocrx_word' id='word_1_102' title='bbox 1494 1428 1579 1491; x_wconf 91' lang='lat' dir='ltr'><strong>V:</strong></span> <span class='ocrx_word' id='word_1_103' title='bbox 1624 1434 1724 1492; x_wconf 77' lang='lat'><strong>16.</strong></span> <span class='ocrx_word' id='word_1_104' title='bbox 1773 1430 1914 1516; x_wconf 87' lang='lat' dir='ltr'><strong>Cap.</strong></span> <span class='ocrx_word' id='word_1_105' title='bbox 1947 1429 2064 1492; x_wconf 90' lang='lat' dir='ltr'><strong>Vl:</strong></span> <span class='ocrx_word' id='word_1_106' title='bbox 2119 1434 2214 1492; x_wconf 74' lang='lat'><strong>12.</strong></span> <span class='ocrx_word' id='word_1_107' title='bbox 2275 1430 2416 1517; x_wconf 84' lang='lat' dir='ltr'><strong>Cap.</strong></span> <span class='ocrx_word' id='word_1_108' title='bbox 2447 1431 2660 1495; x_wconf 85' lang='lat' dir='ltr'>XXII:</span> 
     </span>
     <span class='ocr_line' id='line_1_12' title="bbox 555 1527 2655 1609; baseline 0.003 -19"><span class='ocrx_word' id='word_1_109' title='bbox 555 1532 630 1590; x_wconf 72' lang='lat'><strong>41</strong></span> <span class='ocrx_word' id='word_1_110' title='bbox 665 1528 740 1591; x_wconf 87' lang='lat' dir='ltr'><strong>ad</strong></span> <span class='ocrx_word' id='word_1_111' title='bbox 773 1529 874 1590; x_wconf 77' lang='lat'><strong>44.</strong></span> <span class='ocrx_word' id='word_1_112' title='bbox 929 1528 1065 1590; x_wconf 84' lang='lat' dir='ltr'><strong>Joh.</strong></span> <span class='ocrx_word' id='word_1_113' title='bbox 1112 1527 1319 1592; x_wconf 90' lang='lat' dir='ltr'>XVII:</span> <span class='ocrx_word' id='word_1_114' title='bbox 1370 1534 1425 1591; x_wconf 81' lang='lat'><strong>9.</strong></span> <span class='ocrx_word' id='word_1_115' title='bbox 1472 1532 1571 1592; x_wconf 83' lang='lat'><strong>15.</strong></span> <span class='ocrx_word' id='word_1_116' title='bbox 1622 1534 1727 1593; x_wconf 81' lang='lat'><strong>20.</strong></span> <span class='ocrx_word' id='word_1_117' title='bbox 1810 1527 1989 1609; x_wconf 85' lang='lat' dir='ltr'><strong>Quod</strong></span> <span class='ocrx_word' id='word_1_118' title='bbox 2036 1528 2245 1594; x_wconf 82' lang='lat' dir='ltr'><strong>fecerit</strong></span> <span class='ocrx_word' id='word_1_119' title='bbox 2274 1532 2655 1597; x_wconf 88' lang='lat' dir='ltr'><strong>·voluntatem</strong></span> 
     </span>
     <span class='ocr_line' id='line_1_13' title="bbox 553 1628 2659 1718; baseline 0.002 -25"><span class='ocrx_word' id='word_1_120' title='bbox 553 1629 780 1704; x_wconf 85' lang='lat' dir='ltr'><strong>Patris,</strong></span> <span class='ocrx_word' id='word_1_121' title='bbox 833 1628 969 1692; x_wconf 79' lang='lat' dir='ltr'><strong>Joh.</strong></span> <span class='ocrx_word' id='word_1_122' title='bbox 1018 1628 1131 1692; x_wconf 87' lang='lat' dir='ltr'><strong>IV:</strong></span> <span class='ocrx_word' id='word_1_123' title='bbox 1182 1633 1283 1692; x_wconf 76' lang='lat'><strong>34.</strong></span> <span class='ocrx_word' id='word_1_124' title='bbox 1353 1630 1495 1718; x_wconf 85' lang='lat' dir='ltr'><strong>Cap.</strong></span> <span class='ocrx_word' id='word_1_125' title='bbox 1530 1629 1614 1693; x_wconf 86' lang='lat' dir='ltr'><strong>V:</strong></span> <span class='ocrx_word' id='word_1_126' title='bbox 1660 1634 1777 1703; x_wconf 83' lang='lat'><strong>30;</strong></span> <span class='ocrx_word' id='word_1_127' title='bbox 1832 1631 1990 1715; x_wconf 88' lang='lat' dir='ltr'><strong>quod</strong></span> <span class='ocrx_word' id='word_1_128' title='bbox 2044 1631 2420 1717; x_wconf 83' lang='lat' dir='ltr'><strong>adscripserit</strong></span> <span class='ocrx_word' id='word_1_129' title='bbox 2458 1633 2659 1698; x_wconf 89' lang='lat' dir='ltr'><strong>omnia</strong></span> 
     </span>
     <span class='ocr_line' id='line_1_14' title="bbox 551 1729 2656 1814; baseline 0.004 -23"><span class='ocrx_word' id='word_1_130' title='bbox 551 1750 707 1814; x_wconf 85' lang='lat' dir='ltr'><strong>quae</strong></span> <span class='ocrx_word' id='word_1_131' title='bbox 739 1738 1016 1814; x_wconf 84' lang='lat' dir='ltr'><strong>operatus</strong></span> <span class='ocrx_word' id='word_1_132' title='bbox 1043 1739 1102 1791; x_wconf 85' lang='lat' dir='ltr'><strong>et</strong></span> <span class='ocrx_word' id='word_1_133' title='bbox 1131 1730 1411 1814; x_wconf 85' lang='lat' dir='ltr'><strong>loquutus</strong></span> <span class='ocrx_word' id='word_1_134' title='bbox 1440 1738 1558 1803; x_wconf 85' lang='lat' dir='ltr'><strong>est,</strong></span> <span class='ocrx_word' id='word_1_135' title='bbox 1612 1731 1810 1803; x_wconf 87' lang='lat' dir='ltr'><strong>Patri,</strong></span> <span class='ocrx_word' id='word_1_136' title='bbox 1866 1729 2004 1794; x_wconf 86' lang='lat' dir='ltr'><strong>Joh.</strong></span> <span class='ocrx_word' id='word_1_137' title='bbox 2043 1731 2225 1796; x_wconf 88' lang='lat' dir='ltr'>VIII:</span> <span class='ocrx_word' id='word_1_138' title='bbox 2276 1737 2378 1795; x_wconf 77' lang='lat'><strong>26.</strong></span> <span class='ocrx_word' id='word_1_139' title='bbox 2411 1737 2517 1798; x_wconf 74' lang='lat'><strong>27.</strong></span> <span class='ocrx_word' id='word_1_140' title='bbox 2552 1737 2656 1799; x_wconf 78' lang='lat'><strong>28.</strong></span> 
     </span>
     <span class='ocr_line' id='line_1_15' title="bbox 551 1829 2657 1919; baseline 0.002 -26"><span class='ocrx_word' id='word_1_141' title='bbox 551 1831 692 1915; x_wconf 86' lang='lat' dir='ltr'><strong>Cap.</strong></span> <span class='ocrx_word' id='word_1_142' title='bbox 727 1830 877 1894; x_wconf 89' lang='lat' dir='ltr'><strong>Xll:</strong></span> <span class='ocrx_word' id='word_1_143' title='bbox 931 1831 1034 1892; x_wconf 77' lang='lat'><strong>49.</strong></span> <span class='ocrx_word' id='word_1_144' title='bbox 1070 1834 1168 1893; x_wconf 78' lang='lat'><strong>50.</strong></span> <span class='ocrx_word' id='word_1_145' title='bbox 1225 1829 1364 1916; x_wconf 85' lang='lat' dir='ltr'><strong>Cap.</strong></span> <span class='ocrx_word' id='word_1_146' title='bbox 1405 1831 1580 1896; x_wconf 86' lang='lat' dir='ltr'>XIV:</span> <span class='ocrx_word' id='word_1_147' title='bbox 1633 1836 1746 1902; x_wconf 81' lang='lat'><strong>10;</strong></span> <span class='ocrx_word' id='word_1_148' title='bbox 1804 1831 1924 1894; x_wconf 87' lang='lat' dir='ltr'><strong>imo</strong></span> <span class='ocrx_word' id='word_1_149' title='bbox 1950 1853 2126 1919; x_wconf 87' lang='lat' dir='ltr'><strong>super</strong></span> <span class='ocrx_word' id='word_1_150' title='bbox 2156 1853 2329 1897; x_wconf 74' lang='lat' dir='ltr'><strong>cruce</strong></span> <span class='ocrx_word' id='word_1_151' title='bbox 2358 1833 2657 1898; x_wconf 84' lang='lat' dir='ltr'><strong>exclama·</strong></span> 
     </span>
     <span class='ocr_line' id='line_1_16' title="bbox 554 1930 2657 2019; baseline 0.003 -28"><span class='ocrx_word' id='word_1_152' title='bbox 554 1933 659 2004; x_wconf 90' lang='lat' dir='ltr'><strong>vit,</strong></span> <span class='ocrx_word' id='word_1_153' title='bbox 697 1931 855 1994; x_wconf 87' lang='lat' dir='ltr'><strong>Deus</strong></span> <span class='ocrx_word' id='word_1_154' title='bbox 888 1930 985 2004; x_wconf 85' lang='lat' dir='ltr'><strong>mi,</strong></span> <span class='ocrx_word' id='word_1_155' title='bbox 1026 1930 1185 1993; x_wconf 89' lang='lat' dir='ltr'><strong>Deus</strong></span> <span class='ocrx_word' id='word_1_156' title='bbox 1215 1933 1322 2005; x_wconf 89' lang='lat' dir='ltr'><strong>mi,</strong></span> <span class='ocrx_word' id='word_1_157' title='bbox 1367 1953 1551 2019; x_wconf 87' lang='lat' dir='ltr'><strong>quare</strong></span> <span class='ocrx_word' id='word_1_158' title='bbox 1580 1931 1940 2016; x_wconf 87' lang='lat' dir='ltr'><strong>derelinquis</strong></span> <span class='ocrx_word' id='word_1_159' title='bbox 1969 1932 2101 2007; x_wconf 84' lang='lat' dir='ltr'><strong>Me,</strong></span> <span class='ocrx_word' id='word_1_160' title='bbox 2147 1933 2358 1997; x_wconf 79' lang='lat' dir='ltr'><strong>Mauh.</strong></span> <span class='ocrx_word' id='word_1_161' title='bbox 2389 1934 2657 1999; x_wconf 90' lang='lat' dir='ltr'>XXVII:</span> 
     </span>
     <span class='ocr_line' id='line_1_17' title="bbox 517 2018 2690 2120; baseline 0.002 -27"><span class='ocrx_word' id='word_1_162' title='bbox 517 2021 656 2093; x_wconf 56' lang='lat'><strong>&#39;41</strong></span> <span class='ocrx_word' id='word_1_163' title='bbox 715 2032 898 2096; x_wconf 91' lang='lat' dir='ltr'><strong>Marc.</strong></span> <span class='ocrx_word' id='word_1_164' title='bbox 930 2030 1071 2096; x_wconf 89' lang='lat' dir='ltr'><strong>XV:</strong></span> <span class='ocrx_word' id='word_1_165' title='bbox 1118 2034 1232 2104; x_wconf 77' lang='lat'><strong>34;</strong></span> <span class='ocrx_word' id='word_1_166' title='bbox 1286 2040 1346 2094; x_wconf 85' lang='lat' dir='ltr'><strong>et</strong></span> <span class='ocrx_word' id='word_1_167' title='bbox 1375 2018 1713 2119; x_wconf 83' lang='lat' dir='ltr'><strong>praeterea,</strong></span> <span class='ocrx_word' id='word_1_168' title='bbox 1767 2033 1989 2117; x_wconf 84' lang='lat' dir='ltr'><strong>absque</strong></span> <span class='ocrx_word' id='word_1_169' title='bbox 2021 2031 2133 2095; x_wconf 88' lang='lat' dir='ltr'><strong>hoc</strong></span> <span class='ocrx_word' id='word_1_170' title='bbox 2170 2043 2325 2097; x_wconf 88' lang='lat' dir='ltr'><strong>statu</strong></span> <span class='ocrx_word' id='word_1_171' title='bbox 2366 2056 2486 2097; x_wconf 88' lang='lat' dir='ltr'><strong>non</strong></span> <span class='ocrx_word' id='word_1_172' title='bbox 2529 2044 2690 2120; x_wconf 66' lang='lat' dir='ltr'><strong>pot-⁸</strong></span> 
     </span>
     <span class='ocr_line' id='line_1_18' title="bbox 552 2130 2656 2215; baseline 0.003 -21"><span class='ocrx_word' id='word_1_173' title='bbox 552 2135 637 2194; x_wconf 89' lang='lat' dir='ltr'><strong>uit</strong></span> <span class='ocrx_word' id='word_1_174' title='bbox 677 2130 957 2215; x_wconf 81' lang='lat' dir='ltr'><strong>crucifigi.</strong></span> <span class='ocrx_word' id='word_1_175' title='bbox 1037 2132 1237 2197; x_wconf 88' lang='lat' dir='ltr'><strong>Status</strong></span> <span class='ocrx_word' id='word_1_176' title='bbox 1276 2130 1738 2196; x_wconf 79' lang='lat' dir='ltr'><strong>Glorificationis</strong></span> <span class='ocrx_word' id='word_1_177' title='bbox 1780 2144 1868 2196; x_wconf 89' lang='lat' dir='ltr'><strong>est</strong></span> <span class='ocrx_word' id='word_1_178' title='bbox 1912 2135 2089 2196; x_wconf 88' lang='lat' dir='ltr'><strong>etiam</strong></span> <span class='ocrx_word' id='word_1_179' title='bbox 2129 2134 2331 2198; x_wconf 88' lang='lat' dir='ltr'><strong>Status</strong></span> <span class='ocrx_word' id='word_1_180' title='bbox 2374 2134 2656 2207; x_wconf 84' lang='lat' dir='ltr'><strong>Unionis;</strong></span> 
     </span>
     <span class='ocr_line' id='line_1_19' title="bbox 555 2223 2660 2308; baseline 0.003 -15"><span class='ocrx_word' id='word_1_181' title='bbox 555 2235 614 2293; x_wconf 86' lang='lat' dir='ltr'><strong>in</strong></span> <span class='ocrx_word' id='word_1_182' title='bbox 658 2230 771 2294; x_wconf 87' lang='lat' dir='ltr'><strong>hoc</strong></span> <span class='ocrx_word' id='word_1_183' title='bbox 816 2242 973 2294; x_wconf 89' lang='lat' dir='ltr'><strong>statu</strong></span> <span class='ocrx_word' id='word_1_184' title='bbox 1014 2231 1157 2308; x_wconf 82' lang='lat' dir='ltr'><strong>fuit,</strong></span> <span class='ocrx_word' id='word_1_185' title='bbox 1211 2254 1342 2296; x_wconf 91' lang='lat' dir='ltr'><strong>cum</strong></span> <span class='ocrx_word' id='word_1_186' title='bbox 1382 2223 1871 2297; x_wconf 78' lang='lat' dir='ltr'><strong>Transformatus</strong></span> <span class='ocrx_word' id='word_1_187' title='bbox 1915 2233 2025 2297; x_wconf 82' lang='lat' dir='ltr'><strong>fuit</strong></span> <span class='ocrx_word' id='word_1_188' title='bbox 2062 2256 2263 2298; x_wconf 89' lang='lat' dir='ltr'><strong>coram</strong></span> <span class='ocrx_word' id='word_1_189' title='bbox 2309 2237 2498 2300; x_wconf 86' lang='lat' dir='ltr'><strong>tribus</strong></span> <span class='ocrx_word' id='word_1_190' title='bbox 2540 2237 2660 2301; x_wconf 91' lang='lat' dir='ltr'><strong>suis</strong></span> 
     </span>
     <span class='ocr_line' id='line_1_20' title="bbox 554 2331 2658 2424; baseline 0.002 -28"><span class='ocrx_word' id='word_1_191' title='bbox 554 2331 900 2417; x_wconf 82' lang='lat' dir='ltr'><strong>Discipulis,</strong></span> <span class='ocrx_word' id='word_1_192' title='bbox 941 2342 999 2396; x_wconf 90' lang='lat' dir='ltr'><strong>et</strong></span> <span class='ocrx_word' id='word_1_193' title='bbox 1028 2356 1265 2421; x_wconf 88' lang='lat' dir='ltr'><strong>quoque</strong></span> <span class='ocrx_word' id='word_1_194' title='bbox 1298 2355 1429 2397; x_wconf 84' lang='lat' dir='ltr'><strong>cum</strong></span> <span class='ocrx_word' id='word_1_195' title='bbox 1460 2334 1749 2399; x_wconf 79' lang='lat' dir='ltr'><strong>Miracula</strong></span> <span class='ocrx_word' id='word_1_196' title='bbox 1778 2332 1944 2409; x_wconf 81' lang='lat' dir='ltr'><strong>fecit,</strong></span> <span class='ocrx_word' id='word_1_197' title='bbox 1988 2344 2048 2399; x_wconf 89' lang='lat' dir='ltr'><strong>et</strong></span> <span class='ocrx_word' id='word_1_198' title='bbox 2070 2335 2300 2420; x_wconf 89' lang='lat' dir='ltr'><strong>quoties</strong></span> <span class='ocrx_word' id='word_1_199' title='bbox 2328 2335 2470 2400; x_wconf 80' lang='lat' dir='ltr'><strong>dixit</strong></span> <span class='ocrx_word' id='word_1_200' title='bbox 2499 2337 2658 2424; x_wconf 88' lang='lat' dir='ltr'><strong>quod</strong></span> 
     </span>
     <span class='ocr_line' id='line_1_21' title="bbox 553 2433 2658 2523; baseline 0.001 -25"><span class='ocrx_word' id='word_1_201' title='bbox 553 2435 733 2499; x_wconf 87' lang='lat' dir='ltr'><strong>Pater</strong></span> <span class='ocrx_word' id='word_1_202' title='bbox 759 2444 818 2497; x_wconf 89' lang='lat' dir='ltr'><strong>et</strong></span> <span class='ocrx_word' id='word_1_203' title='bbox 849 2433 977 2519; x_wconf 87' lang='lat' dir='ltr'><strong>lpse</strong></span> <span class='ocrx_word' id='word_1_204' title='bbox 1009 2457 1186 2499; x_wconf 85' lang='lat' dir='ltr'><strong>unum</strong></span> <span class='ocrx_word' id='word_1_205' title='bbox 1214 2436 1360 2509; x_wconf 91' lang='lat' dir='ltr'><strong>sint,</strong></span> <span class='ocrx_word' id='word_1_206' title='bbox 1414 2435 1571 2522; x_wconf 88' lang='lat' dir='ltr'><strong>quod</strong></span> <span class='ocrx_word' id='word_1_207' title='bbox 1606 2435 1789 2499; x_wconf 84' lang='lat' dir='ltr'><strong>Pater</strong></span> <span class='ocrx_word' id='word_1_208' title='bbox 1828 2436 1885 2498; x_wconf 89' lang='lat' dir='ltr'><strong>in</strong></span> <span class='ocrx_word' id='word_1_209' title='bbox 1930 2435 2067 2521; x_wconf 82' lang='lat' dir='ltr'><strong>Ipso</strong></span> <span class='ocrx_word' id='word_1_210' title='bbox 2105 2446 2164 2498; x_wconf 86' lang='lat' dir='ltr'><strong>et</strong></span> <span class='ocrx_word' id='word_1_211' title='bbox 2207 2436 2337 2523; x_wconf 88' lang='lat' dir='ltr'><strong>Ipse</strong></span> <span class='ocrx_word' id='word_1_212' title='bbox 2378 2437 2438 2500; x_wconf 86' lang='lat' dir='ltr'><strong>in</strong></span> <span class='ocrx_word' id='word_1_213' title='bbox 2477 2438 2658 2502; x_wconf 89' lang='lat' dir='ltr'><strong>Patre</strong></span> 
     </span>
     <span class='ocr_line' id='line_1_22' title="bbox 552 2534 2655 2622; baseline 0.001 -23"><span class='ocrx_word' id='word_1_214' title='bbox 552 2536 658 2609; x_wconf 87' lang='lat' dir='ltr'><strong>sit,</strong></span> <span class='ocrx_word' id='word_1_215' title='bbox 698 2534 853 2621; x_wconf 88' lang='lat' dir='ltr'><strong>quod</strong></span> <span class='ocrx_word' id='word_1_216' title='bbox 884 2536 1083 2598; x_wconf 84' lang='lat' dir='ltr'><strong>omnia</strong></span> <span class='ocrx_word' id='word_1_217' title='bbox 1110 2535 1307 2600; x_wconf 89' lang='lat' dir='ltr'><strong>Patris</strong></span> <span class='ocrx_word' id='word_1_218' title='bbox 1334 2535 1521 2620; x_wconf 83' lang='lat' dir='ltr'><strong>Ipsius</strong></span> <span class='ocrx_word' id='word_1_219' title='bbox 1548 2536 1695 2607; x_wconf 76' lang='lat' dir='ltr'><strong>siut:</strong></span> <span class='ocrx_word' id='word_1_220' title='bbox 1740 2548 1798 2604; x_wconf 87' lang='lat' dir='ltr'><strong>et</strong></span> <span class='ocrx_word' id='word_1_221' title='bbox 1829 2545 1956 2621; x_wconf 78' lang='lat' dir='ltr'><strong>post</strong></span> <span class='ocrx_word' id='word_1_222' title='bbox 1985 2536 2305 2622; x_wconf 80' lang='lat' dir='ltr'><strong>plenariam</strong></span> <span class='ocrx_word' id='word_1_223' title='bbox 2339 2538 2655 2613; x_wconf 88' lang='lat' dir='ltr'><strong>Unionem,</strong></span> 
     </span>
     <span class='ocr_line' id='line_1_23' title="bbox 559 2634 2659 2723; baseline 0.001 -26"><span class='ocrx_word' id='word_1_224' title='bbox 559 2636 717 2722; x_wconf 82' lang='lat' dir='ltr'><strong>quod</strong></span> <span class='ocrx_word' id='word_1_225' title='bbox 759 2634 875 2722; x_wconf 84' lang='lat' dir='ltr'><strong>Ipsi</strong></span> <span class='ocrx_word' id='word_1_226' title='bbox 920 2644 1072 2699; x_wconf 86' lang='lat' dir='ltr'><strong>esset</strong></span> <span class='ocrx_word' id='word_1_227' title='bbox 1114 2646 1373 2723; x_wconf 87' lang='lat' dir='ltr'><strong>potestas</strong></span> <span class='ocrx_word' id='word_1_228' title='bbox 1402 2637 1592 2708; x_wconf 83' lang='lat' dir='ltr'><strong>omnis</strong></span> <span class='ocrx_word' id='word_1_229' title='bbox 1620 2638 1849 2709; x_wconf 88' lang='lat' dir='ltr'><strong>carnis,</strong></span> <span class='ocrx_word' id='word_1_230' title='bbox 1902 2636 2040 2701; x_wconf 87' lang='lat' dir='ltr'><strong>Joh.</strong></span> <span class='ocrx_word' id='word_1_231' title='bbox 2075 2636 2277 2701; x_wconf 90' lang='lat' dir='ltr'>XVII:</span> <span class='ocrx_word' id='word_1_232' title='bbox 2322 2643 2380 2700; x_wconf 74' lang='lat'><strong>2.</strong></span> <span class='ocrx_word' id='word_1_233' title='bbox 2436 2659 2508 2701; x_wconf 88' lang='lat' dir='ltr'><strong>ac</strong></span> <span class='ocrx_word' id='word_1_234' title='bbox 2533 2660 2659 2701; x_wconf 88' lang='lat' dir='ltr'><strong>om-</strong></span> 
     </span>
     <span class='ocr_line' id='line_1_24' title="bbox 554 2735 2659 2825; baseline 0 -25"><span class='ocrx_word' id='word_1_235' title='bbox 554 2738 645 2800; x_wconf 89' lang='lat' dir='ltr'><strong>nis</strong></span> <span class='ocrx_word' id='word_1_236' title='bbox 673 2743 924 2821; x_wconf 84' lang='lat' dir='ltr'><strong>potestas</strong></span> <span class='ocrx_word' id='word_1_237' title='bbox 951 2736 1007 2798; x_wconf 90' lang='lat' dir='ltr'><strong>in</strong></span> <span class='ocrx_word' id='word_1_238' title='bbox 1038 2735 1219 2801; x_wconf 89' lang='lat' dir='ltr'><strong>Caelo</strong></span> <span class='ocrx_word' id='word_1_239' title='bbox 1248 2746 1307 2801; x_wconf 89' lang='lat' dir='ltr'><strong>et</strong></span> <span class='ocrx_word' id='word_1_240' title='bbox 1335 2736 1394 2798; x_wconf 90' lang='lat' dir='ltr'><strong>in</strong></span> <span class='ocrx_word' id='word_1_241' title='bbox 1422 2737 1638 2814; x_wconf 89' lang='lat' dir='ltr'><strong>Terra,</strong></span> <span class='ocrx_word' id='word_1_242' title='bbox 1673 2737 1883 2801; x_wconf 84' lang='lat' dir='ltr'><strong>Matth.</strong></span> <span class='ocrx_word' id='word_1_243' title='bbox 1917 2736 2211 2802; x_wconf 85' lang='lat' dir='ltr'>XXVIII:</span> <span class='ocrx_word' id='word_1_244' title='bbox 2262 2741 2374 2811; x_wconf 79' lang='lat'><strong>18;</strong></span> <span class='ocrx_word' id='word_1_245' title='bbox 2420 2747 2659 2825; x_wconf 88' lang='lat' dir='ltr'><strong>praeter</strong></span> 
     </span>
    </p>

    <p class='ocr_par' dir='ltr' id='par_1_3' title="bbox 534 2837 2776 4331">
     <span class='ocr_line' id='line_1_25' title="bbox 593 2837 1712 2901; baseline -0.004 -2"><span class='ocrx_word' id='word_1_246' title='bbox 593 2837 739 2901; x_wconf 78' lang='lat' dir='ltr'><strong>lura,</strong></span> <span class='ocrx_word' id='word_1_247' title='bbox 1699 2886 1712 2894; x_wconf 70' lang='grc'>,</span> 
     </span>
     <span class='ocr_line' id='line_1_26' title="bbox 553 2861 2776 3017; baseline -0 -18"><span class='ocrx_word' id='word_1_248' title='bbox 553 2861 590 2924; x_wconf 72' lang='lat' dir='ltr'>p</span> <span class='ocrx_word' id='word_1_249' title='bbox 714 2942 859 3000; x_wconf 81' lang='lat'><strong>105.</strong></span> <span class='ocrx_word' id='word_1_250' title='bbox 913 2937 1091 3017; x_wconf 83' lang='lat' dir='ltr'><strong>Quod</strong></span> <span class='ocrx_word' id='word_1_251' title='bbox 1121 2937 1241 3001; x_wconf 89' lang='lat' dir='ltr'><strong>bini</strong></span> <span class='ocrx_word' id='word_1_252' title='bbox 1272 2937 1350 3002; x_wconf 90' lang='lat' dir='ltr'><strong>illi</strong></span> <span class='ocrx_word' id='word_1_253' title='bbox 1379 2948 1595 3015; x_wconf 77' lang='lat' dir='ltr'><strong>statuS,</strong></span> <span class='ocrx_word' id='word_1_254' title='bbox 1634 2937 2062 3003; x_wconf 83' lang='lat' dir='ltr'><strong>Exinanitionis</strong></span> <span class='ocrx_word' id='word_1_255' title='bbox 2088 2947 2146 2999; x_wconf 88' lang='lat' dir='ltr'><strong>et</strong></span> <span class='ocrx_word' id='word_1_256' title='bbox 2174 2934 2656 3016; x_wconf 85' lang='lat' dir='ltr'><strong>Glorificationis,</strong></span> <span class='ocrx_word' id='word_1_257' title='bbox 2761 2989 2776 2998; x_wconf 82' lang='lat'><em>.</em></span> 
     </span>
     <span class='ocr_line' id='line_1_27' title="bbox 554 3036 2655 3125; baseline 0.001 -25"><span class='ocrx_word' id='word_1_258' title='bbox 554 3036 770 3101; x_wconf 87' lang='lat' dir='ltr'><strong>fuerint</strong></span> <span class='ocrx_word' id='word_1_259' title='bbox 800 3037 1087 3113; x_wconf 88' lang='lat' dir='ltr'><strong>Domino,</strong></span> <span class='ocrx_word' id='word_1_260' title='bbox 1141 3036 1251 3101; x_wconf 82' lang='lat' dir='ltr'><strong>suit</strong></span> <span class='ocrx_word' id='word_1_261' title='bbox 1277 3061 1487 3115; x_wconf 88' lang='lat' dir='ltr'><strong>causa,</strong></span> <span class='ocrx_word' id='word_1_262' title='bbox 1539 3040 1676 3125; x_wconf 88' lang='lat' dir='ltr'><strong>quia</strong></span> <span class='ocrx_word' id='word_1_263' title='bbox 1708 3060 1827 3102; x_wconf 88' lang='lat' dir='ltr'><strong>non</strong></span> <span class='ocrx_word' id='word_1_264' title='bbox 1858 3038 1970 3103; x_wconf 89' lang='lat' dir='ltr'><strong>alia</strong></span> <span class='ocrx_word' id='word_1_265' title='bbox 2001 3037 2332 3124; x_wconf 79' lang='lat' dir='ltr'><strong>progressio</strong></span> <span class='ocrx_word' id='word_1_266' title='bbox 2362 3039 2435 3103; x_wconf 89' lang='lat' dir='ltr'><strong>ad</strong></span> <span class='ocrx_word' id='word_1_267' title='bbox 2465 3040 2655 3104; x_wconf 88' lang='lat' dir='ltr'><strong>Unio-</strong></span> 
     </span>
     <span class='ocr_line' id='line_1_28' title="bbox 556 3137 2653 3223; baseline 0.002 -23"><span class='ocrx_word' id='word_1_268' title='bbox 556 3157 687 3200; x_wconf 87' lang='lat' dir='ltr'><strong>nem</strong></span> <span class='ocrx_word' id='word_1_269' title='bbox 736 3137 946 3201; x_wconf 89' lang='lat' dir='ltr'><strong>dabilis</strong></span> <span class='ocrx_word' id='word_1_270' title='bbox 991 3148 1112 3213; x_wconf 87' lang='lat' dir='ltr'><strong>est,</strong></span> <span class='ocrx_word' id='word_1_271' title='bbox 1167 3141 1446 3223; x_wconf 86' lang='lat' dir='ltr'><strong>quoniam</strong></span> <span class='ocrx_word' id='word_1_272' title='bbox 1493 3149 1581 3203; x_wconf 88' lang='lat' dir='ltr'><strong>est</strong></span> <span class='ocrx_word' id='word_1_273' title='bbox 1637 3140 1962 3203; x_wconf 84' lang='lat' dir='ltr'><strong>secundum</strong></span> <span class='ocrx_word' id='word_1_274' title='bbox 2014 3139 2297 3203; x_wconf 87' lang='lat' dir='ltr'><strong>Divinum</strong></span> <span class='ocrx_word' id='word_1_275' title='bbox 2343 3139 2653 3216; x_wconf 85' lang='lat' dir='ltr'><strong>Ordinem,</strong></span> 
     </span>
     <span class='ocr_line' id='line_1_29' title="bbox 554 3238 2654 3327; baseline 0.002 -27"><span class='ocrx_word' id='word_1_276' title='bbox 554 3238 653 3324; x_wconf 89' lang='lat' dir='ltr'><strong>qui</strong></span> <span class='ocrx_word' id='word_1_277' title='bbox 690 3238 1070 3303; x_wconf 89' lang='lat' dir='ltr'><strong>immutabilis</strong></span> <span class='ocrx_word' id='word_1_278' title='bbox 1101 3250 1217 3313; x_wconf 73' lang='lat' dir='ltr'><strong>est:</strong></span> <span class='ocrx_word' id='word_1_279' title='bbox 1288 3242 1538 3307; x_wconf 88' lang='lat' dir='ltr'><strong>Divinus</strong></span> <span class='ocrx_word' id='word_1_280' title='bbox 1565 3239 1735 3304; x_wconf 91' lang='lat' dir='ltr'><strong>Ordo</strong></span> <span class='ocrx_word' id='word_1_281' title='bbox 1779 3249 1895 3314; x_wconf 87' lang='lat' dir='ltr'><strong>est,</strong></span> <span class='ocrx_word' id='word_1_282' title='bbox 1951 3248 2016 3303; x_wconf 89' lang='lat' dir='ltr'><strong>ut</strong></span> <span class='ocrx_word' id='word_1_283' title='bbox 2058 3238 2234 3303; x_wconf 87' lang='lat' dir='ltr'><strong>homo</strong></span> <span class='ocrx_word' id='word_1_284' title='bbox 2274 3239 2545 3327; x_wconf 87' lang='lat' dir='ltr'><strong>disponat</strong></span> <span class='ocrx_word' id='word_1_285' title='bbox 2590 3263 2654 3305; x_wconf 89' lang='lat' dir='ltr'><strong>se</strong></span> 
     </span>
     <span class='ocr_line' id='line_1_30' title="bbox 552 3338 2653 3428; baseline 0 -26"><span class='ocrx_word' id='word_1_286' title='bbox 552 3338 631 3402; x_wconf 84' lang='lat' dir='ltr'><strong>ad</strong></span> <span class='ocrx_word' id='word_1_287' title='bbox 656 3340 1054 3426; x_wconf 83' lang='lat' dir='ltr'><strong>receptionem</strong></span> <span class='ocrx_word' id='word_1_288' title='bbox 1084 3341 1228 3419; x_wconf 91' lang='lat' dir='ltr'><strong>Dei,</strong></span> <span class='ocrx_word' id='word_1_289' title='bbox 1280 3363 1348 3403; x_wconf 88' lang='lat' dir='ltr'><strong>ac</strong></span> <span class='ocrx_word' id='word_1_290' title='bbox 1379 3351 1546 3428; x_wconf 87' lang='lat' dir='ltr'><strong>paret</strong></span> <span class='ocrx_word' id='word_1_291' title='bbox 1572 3362 1635 3405; x_wconf 88' lang='lat' dir='ltr'><strong>se</strong></span> <span class='ocrx_word' id='word_1_292' title='bbox 1670 3340 2103 3428; x_wconf 85' lang='lat' dir='ltr'><strong>receptaculum</strong></span> <span class='ocrx_word' id='word_1_293' title='bbox 2137 3349 2194 3402; x_wconf 85' lang='lat' dir='ltr'><strong>et</strong></span> <span class='ocrx_word' id='word_1_294' title='bbox 2227 3339 2653 3417; x_wconf 88' lang='lat' dir='ltr'><strong>habitaculum,</strong></span> 
     </span>
     <span class='ocr_line' id='line_1_31' title="bbox 553 3439 2653 3526; baseline 0.001 -25"><span class='ocrx_word' id='word_1_295' title='bbox 553 3440 616 3502; x_wconf 90' lang='lat' dir='ltr'><strong>in</strong></span> <span class='ocrx_word' id='word_1_296' title='bbox 640 3440 799 3525; x_wconf 91' lang='lat' dir='ltr'><strong>quod</strong></span> <span class='ocrx_word' id='word_1_297' title='bbox 827 3442 989 3506; x_wconf 90' lang='lat' dir='ltr'><strong>Deus</strong></span> <span class='ocrx_word' id='word_1_298' title='bbox 1028 3442 1422 3525; x_wconf 82' lang='lat' dir='ltr'><strong>ingrediatur,</strong></span> <span class='ocrx_word' id='word_1_299' title='bbox 1477 3463 1546 3505; x_wconf 91' lang='lat' dir='ltr'><strong>ac</strong></span> <span class='ocrx_word' id='word_1_300' title='bbox 1585 3452 1648 3504; x_wconf 92' lang='lat' dir='ltr'><strong>ut</strong></span> <span class='ocrx_word' id='word_1_301' title='bbox 1690 3442 1747 3503; x_wconf 91' lang='lat' dir='ltr'><strong>in</strong></span> <span class='ocrx_word' id='word_1_302' title='bbox 1787 3462 1896 3505; x_wconf 90' lang='lat' dir='ltr'><strong>suo</strong></span> <span class='ocrx_word' id='word_1_303' title='bbox 1937 3440 2187 3526; x_wconf 85' lang='lat' dir='ltr'><strong>Templo</strong></span> <span class='ocrx_word' id='word_1_304' title='bbox 2227 3440 2485 3513; x_wconf 87' lang='lat' dir='ltr'><strong>habitet;</strong></span> <span class='ocrx_word' id='word_1_305' title='bbox 2538 3439 2653 3503; x_wconf 93' lang='lat' dir='ltr'><strong>hoc</strong></span> 
     </span>
     <span class='ocr_line' id='line_1_32' title="bbox 552 3539 2651 3628; baseline 0.001 -26"><span class='ocrx_word' id='word_1_306' title='bbox 552 3539 728 3603; x_wconf 84' lang='lat' dir='ltr'><strong>faciet</strong></span> <span class='ocrx_word' id='word_1_307' title='bbox 755 3539 932 3604; x_wconf 87' lang='lat' dir='ltr'><strong>homo</strong></span> <span class='ocrx_word' id='word_1_308' title='bbox 962 3564 992 3605; x_wconf 90' lang='lat' dir='ltr'><strong>a</strong></span> <span class='ocrx_word' id='word_1_309' title='bbox 1023 3542 1247 3628; x_wconf 90' lang='lat' dir='ltr'><strong>seipso,</strong></span> <span class='ocrx_word' id='word_1_310' title='bbox 1299 3543 1401 3606; x_wconf 87' lang='lat' dir='ltr'><strong>sed</strong></span> <span class='ocrx_word' id='word_1_311' title='bbox 1430 3564 1614 3627; x_wconf 90' lang='lat' dir='ltr'><strong>usque</strong></span> <span class='ocrx_word' id='word_1_312' title='bbox 1642 3550 1927 3628; x_wconf 83' lang='lat' dir='ltr'><strong>agnoscet</strong></span> <span class='ocrx_word' id='word_1_313' title='bbox 1961 3541 2118 3627; x_wconf 92' lang='lat' dir='ltr'><strong>quod</strong></span> <span class='ocrx_word' id='word_1_314' title='bbox 2160 3542 2232 3604; x_wconf 89' lang='lat' dir='ltr'><strong>sit</strong></span> <span class='ocrx_word' id='word_1_315' title='bbox 2261 3563 2294 3604; x_wconf 89' lang='lat' dir='ltr'><strong>a</strong></span> <span class='ocrx_word' id='word_1_316' title='bbox 2321 3542 2481 3614; x_wconf 85' lang='lat' dir='ltr'><strong>Deo;</strong></span> <span class='ocrx_word' id='word_1_317' title='bbox 2536 3540 2651 3605; x_wconf 89' lang='lat' dir='ltr'><strong>hoc</strong></span> 
     </span>
     <span class='ocr_line' id='line_1_33' title="bbox 549 3635 2649 3729; baseline 0 -26"><span class='ocrx_word' id='word_1_318' title='bbox 549 3651 867 3725; x_wconf 84' lang='lat' dir='ltr'><strong>agnoscet,</strong></span> <span class='ocrx_word' id='word_1_319' title='bbox 903 3643 1054 3729; x_wconf 82' lang='lat' dir='ltr'><strong>‘quia</strong></span> <span class='ocrx_word' id='word_1_320' title='bbox 1100 3663 1219 3705; x_wconf 89' lang='lat' dir='ltr'><strong>non</strong></span> <span class='ocrx_word' id='word_1_321' title='bbox 1273 3645 1448 3707; x_wconf 82' lang='lat' dir='ltr'><strong>sentit</strong></span> <span class='ocrx_word' id='word_1_322' title='bbox 1503 3646 1892 3729; x_wconf 84' lang='lat' dir='ltr'><strong>praesentiam</strong></span> <span class='ocrx_word' id='word_1_323' title='bbox 1947 3635 2006 3703; x_wconf 83' lang='lat' dir='ltr'><strong>et</strong></span> <span class='ocrx_word' id='word_1_324' title='bbox 2056 3642 2461 3727; x_wconf 83' lang='lat' dir='ltr'><strong>operationem</strong></span> <span class='ocrx_word' id='word_1_325' title='bbox 2517 3641 2649 3719; x_wconf 90' lang='lat' dir='ltr'><strong>Dei,</strong></span> 
     </span>
     <span class='ocr_line' id='line_1_34' title="bbox 552 3740 2652 3830; baseline 0.001 -28"><span class='ocrx_word' id='word_1_326' title='bbox 552 3741 783 3805; x_wconf 86' lang='lat' dir='ltr'><strong>tametsi</strong></span> <span class='ocrx_word' id='word_1_327' title='bbox 814 3742 976 3807; x_wconf 88' lang='lat' dir='ltr'><strong>Deus</strong></span> <span class='ocrx_word' id='word_1_328' title='bbox 1016 3764 1191 3805; x_wconf 90' lang='lat' dir='ltr'><strong>omne</strong></span> <span class='ocrx_word' id='word_1_329' title='bbox 1226 3745 1444 3806; x_wconf 87' lang='lat' dir='ltr'><strong>bonum</strong></span> <span class='ocrx_word' id='word_1_330' title='bbox 1487 3744 1706 3830; x_wconf 85' lang='lat' dir='ltr'><strong>amoris</strong></span> <span class='ocrx_word' id='word_1_331' title='bbox 1747 3752 1807 3805; x_wconf 87' lang='lat' dir='ltr'><strong>et</strong></span> <span class='ocrx_word' id='word_1_332' title='bbox 1853 3763 2026 3806; x_wconf 91' lang='lat' dir='ltr'><strong>omne</strong></span> <span class='ocrx_word' id='word_1_333' title='bbox 2076 3762 2278 3806; x_wconf 83' lang='lat' dir='ltr'><strong>verum</strong></span> <span class='ocrx_word' id='word_1_334' title='bbox 2319 3740 2452 3805; x_wconf 90' lang='lat' dir='ltr'><strong>fidei</strong></span> <span class='ocrx_word' id='word_1_335' title='bbox 2493 3741 2652 3828; x_wconf 89' lang='lat' dir='ltr'><strong>apud</strong></span> 
     </span>
     <span class='ocr_line' id='line_1_35' title="bbox 543 3840 2647 3930; baseline 0 -27"><span class='ocrx_word' id='word_1_336' title='bbox 543 3840 844 3906; x_wconf 88' lang='lat' dir='ltr'><strong>homiuem</strong></span> <span class='ocrx_word' id='word_1_337' title='bbox 897 3844 1362 3930; x_wconf 85' lang='lat' dir='ltr'><strong>praesentissime</strong></span> <span class='ocrx_word' id='word_1_338' title='bbox 1409 3853 1722 3930; x_wconf 84' lang='lat' dir='ltr'><strong>operatur:</strong></span> <span class='ocrx_word' id='word_1_339' title='bbox 1788 3843 2109 3906; x_wconf 86' lang='lat' dir='ltr'><strong>secundum</strong></span> <span class='ocrx_word' id='word_1_340' title='bbox 2160 3842 2317 3905; x_wconf 88' lang='lat' dir='ltr'><strong>hunc</strong></span> <span class='ocrx_word' id='word_1_341' title='bbox 2361 3841 2647 3905; x_wconf 81' lang='lat' dir='ltr'><strong>Ordinem</strong></span> 
     </span>
     <span class='ocr_line' id='line_1_36' title="bbox 543 3939 2649 4031; baseline 0.001 -28"><span class='ocrx_word' id='word_1_342' title='bbox 543 3944 928 4027; x_wconf 86' lang='lat' dir='ltr'><strong>progreditur</strong></span> <span class='ocrx_word' id='word_1_343' title='bbox 957 3953 1013 4006; x_wconf 88' lang='lat' dir='ltr'><strong>et</strong></span> <span class='ocrx_word' id='word_1_344' title='bbox 1039 3963 1457 4031; x_wconf 87' lang='lat' dir='ltr'><strong>progressurus</strong></span> <span class='ocrx_word' id='word_1_345' title='bbox 1481 3953 1569 4007; x_wconf 91' lang='lat' dir='ltr'><strong>est</strong></span> <span class='ocrx_word' id='word_1_346' title='bbox 1598 3943 1787 4007; x_wconf 79' lang='lat' dir='ltr'><strong>om&#39;nis</strong></span> <span class='ocrx_word' id='word_1_347' title='bbox 1815 3941 2025 4018; x_wconf 88' lang='lat' dir='ltr'><strong>homo,</strong></span> <span class='ocrx_word' id='word_1_348' title='bbox 2080 3950 2142 4005; x_wconf 91' lang='lat' dir='ltr'><strong>ut</strong></span> <span class='ocrx_word' id='word_1_349' title='bbox 2189 3964 2219 4004; x_wconf 92' lang='lat' dir='ltr'><strong>a</strong></span> <span class='ocrx_word' id='word_1_350' title='bbox 2264 3942 2516 4008; x_wconf 88' lang='lat' dir='ltr'><strong>naturali</strong></span> <span class='ocrx_word' id='word_1_351' title='bbox 2545 3939 2649 4006; x_wconf 86' lang='lat' dir='ltr'><strong>fiat</strong></span> 
     </span>
     <span class='ocr_line' id='line_1_37' title="bbox 537 4042 2647 4127; baseline 0 -23"><span class='ocrx_word' id='word_1_352' title='bbox 537 4042 894 4127; x_wconf 87' lang='lat' dir='ltr'><strong>spiritualis:</strong></span> <span class='ocrx_word' id='word_1_353' title='bbox 964 4043 1231 4107; x_wconf 85' lang='lat' dir='ltr'><strong>similiter</strong></span> <span class='ocrx_word' id='word_1_354' title='bbox 1271 4043 1594 4121; x_wconf 72' lang='lat' dir='ltr'><strong>Dominus,</strong></span> <span class='ocrx_word' id='word_1_355' title='bbox 1648 4052 1713 4106; x_wconf 86' lang='lat' dir='ltr'><strong>ut</strong></span> <span class='ocrx_word' id='word_1_356' title='bbox 1760 4043 2103 4107; x_wconf 88' lang='lat' dir='ltr'><strong>Humanum</strong></span> <span class='ocrx_word' id='word_1_357' title='bbox 2147 4043 2437 4107; x_wconf 88' lang='lat' dir='ltr'><strong>Naturale</strong></span> <span class='ocrx_word' id='word_1_358' title='bbox 2476 4064 2647 4107; x_wconf 88' lang='lat' dir='ltr'><strong>suum</strong></span> 
     </span>
     <span class='ocr_line' id='line_1_38' title="bbox 538 4140 2648 4229; baseline 0 -25"><span class='ocrx_word' id='word_1_359' title='bbox 538 4140 830 4206; x_wconf 88' lang='lat' dir='ltr'><strong>Divinum</strong></span> <span class='ocrx_word' id='word_1_360' title='bbox 866 4144 1127 4217; x_wconf 70' lang='lat' dir='ltr'><strong>&#39;faceret3</strong></span> <span class='ocrx_word' id='word_1_361' title='bbox 1182 4144 1318 4209; x_wconf 89' lang='lat' dir='ltr'><strong>inde</strong></span> <span class='ocrx_word' id='word_1_362' title='bbox 1363 4154 1480 4221; x_wconf 86' lang='lat' dir='ltr'><strong>est,</strong></span> <span class='ocrx_word' id='word_1_363' title='bbox 1536 4144 1696 4229; x_wconf 83' lang='lat' dir='ltr'><strong>qu&#39;od</strong></span> <span class='ocrx_word' id='word_1_364' title='bbox 1740 4144 2000 4207; x_wconf 88' lang='lat' dir='ltr'><strong>oraverit</strong></span> <span class='ocrx_word' id='word_1_365' title='bbox 2041 4143 2114 4207; x_wconf 88' lang='lat' dir='ltr'><strong>ad</strong></span> <span class='ocrx_word' id='word_1_366' title='bbox 2162 4143 2431 4217; x_wconf 75' lang='lat' dir='ltr'><strong>Patre-m,</strong></span> <span class='ocrx_word' id='word_1_367' title='bbox 2487 4140 2648 4229; x_wconf 86' lang='lat' dir='ltr'><strong>quod</strong></span> 
     </span>
     <span class='ocr_line' id='line_1_39' title="bbox 534 4240 2648 4331; baseline 0.001 -29"><span class='ocrx_word' id='word_1_368' title='bbox 534 4240 752 4307; x_wconf 77' lang='lat' dir='ltr'><strong>fecerit</strong></span> <span class='ocrx_word' id='word_1_369' title='bbox 805 4243 1190 4309; x_wconf 87' lang='lat' dir='ltr'><strong>Voluntatem</strong></span> <span class='ocrx_word' id='word_1_370' title='bbox 1247 4242 1465 4331; x_wconf 85' lang='lat' dir='ltr'><strong>Ipsius,</strong></span> <span class='ocrx_word' id='word_1_371' title='bbox 1518 4244 1677 4330; x_wconf 88' lang='lat' dir='ltr'><strong>quod</strong></span> <span class='ocrx_word' id='word_1_372' title='bbox 1733 4245 1963 4319; x_wconf 87' lang='lat' dir='ltr'><strong>omnia,</strong></span> <span class='ocrx_word' id='word_1_373' title='bbox 2034 4264 2186 4329; x_wconf 89' lang='lat' dir='ltr'><strong>quae</strong></span> <span class='ocrx_word' id='word_1_374' title='bbox 2244 4251 2522 4330; x_wconf 78' lang='lat' dir='ltr'><strong>operatus</strong></span> <span class='ocrx_word' id='word_1_375' title='bbox 2587 4251 2648 4305; x_wconf 89' lang='lat' dir='ltr'><strong>et</strong></span> 
     </span>
    </p>
   </div>
   <div class='ocr_carea' id='block_1_3' title="bbox 2193 4341 2220 4404">
    <p class='ocr_par' dir='ltr' id='par_1_4' title="bbox 2193 4341 2220 4404">
     <span class='ocr_line' id='line_1_40' title="bbox 2193 4341 2220 4404; baseline 0 0"><span class='ocrx_word' id='word_1_376' title='bbox 2193 4341 2220 4404; x_wconf 94' lang='lat' dir='ltr'>I</span> 
     </span>
    </p>
   </div>
  </div>
 </body>
</html>
