3309 4775
884 406 926 455 Ι.
1011 406 1235 460 DEUS
1280 407 1718 460 CREATOR.
1767 437 1829 449 -
1881 406 2294 485 ott-EATIO.
2563 423 2633 471 95

537 561 725 623 tiones
753 559 809 622 in
843 560 1116 635 Inferno,
1172 570 1234 622 ut
1271 561 1380 624 sint
1418 561 1564 625 sicut
1606 582 1756 628 unus
1789 561 2105 637 Diabolus,
2160 572 2217 626 et
2260 561 2365 627 hos
2403 564 2481 627 ab
2524 565 2637 629 illis

534 672 769 748 separat
801 683 902 747 per
929 662 1185 736 hiatum,
1240 683 1311 724 ne
1338 661 1641 725 Infernum
1679 663 1895 727 inferat
1942 661 2277 726 violentiam
2313 663 2524 741 Caelo,
2579 674 2638 729 et

538 785 610 826 ne
640 763 883 827 Caelum
913 761 1127 825 inferat
1165 763 1487 826 cruciatum
1521 763 1798 836 Inferum
1854 786 1988 826 nam
2030 763 2109 826 illi
2151 764 2251 851 qui
2292 764 2346 826 in
2394 765 2635 830 Inserno

537 875 701 939 sunt,
755 872 983 927 tantum
1028 864 1399 937 cruciantur,
1453 874 1740 951 quantum
1788 862 1981 927 influit
2024 864 2281 928 Caelum.
2366 865 2532 929 Haec
2578 878 2636 930 et

538 966 636 1029 illa
664 965 773 1029 nisi
807 965 965 1028 Deus
993 965 1535 1050 ex·Omnipotentia
1566 987 1670 1029 sua
1719 966 1876 1027 omni
1918 966 2153 1030 instanti
2193 965 2448 1042 faceret,
2503 968 2639 1031 seri-

543 1088 682 1130 num
718 1066 963 1129 intraret
1005 1064 1303 1154 homines,
1361 1088 1539 1152 usque
1582 1076 1644 1129 ut
1689 1067 1937 1155 amplius
1976 1088 2093 1130 non
2143 1075 2373 1154 possent
2415 1068 2640 1153 legibus

542 1168 790 1253 alicujus
819 1166 1060 1230 Ordinis
1089 1167 1379 1241 co‘drceri,
1419 1177 1475 1229 et
1503 1168 1585 1230 sic
1613 1169 1831 1254 periret
1861 1167 2063 1231 Genus
2091 1166 2441 1230 humanum:
2496 1167 2641 1233 haec

545 1277 605 1330 et
631 1269 839 1332 similia
870 1270 1204 1341 evenirent,
1254 1268 1358 1332 nisi
1389 1268 1546 1332 Deus
1577 1278 1725 1331 esset
1755 1270 1955 1343 Ordo,
2007 1278 2064 1332 et
2094 1268 2149 1329 in
2180 1268 2404 1332 Ordine
2434 1270 2640 1334 Omni-

548 1381 768 1455 potens.
844 1369 951 1431 His
989 1368 1199 1432 auditis
1239 1368 1319 1431 illi
1361 1370 1458 1454 qui
1490 1369 1623 1431 tecti
1667 1370 1827 1456 pileis
1868 1379 2071 1444 erant,
2123 1369 2434 1432 abiverant
2474 1370 2640 1456 pileis

544 1472 652 1534 sub
696 1469 873 1541 ulnis,
930 1470 1236 1533 laudantes
1275 1470 1499 1545 Deum,
1554 1491 1688 1531 nam
1732 1471 1791 1531 in
1834 1471 1931 1533 illo
1975 1469 2202 1531 Mundo
2247 1469 2639 1556 intelligentes

544 1580 823 1656 teguntur
852 1570 1044 1657 pileis,
1098 1579 1159 1633 at
1189 1572 1321 1633 tecti
1353 1570 1515 1634 tiaris
1548 1592 1660 1633 non
1695 1571 1805 1647 ita,
1863 1571 1995 1656 «linia
2030 1568 2180 1633 calvi
2213 1580 2385 1647 sunt,
2437 1580 2494 1634 et
2524 1572 2640 1636 cal-

541 1672 714 1735 vities
758 1670 1046 1757 significat
1088 1672 1461 1744 obesitate1n;
1518 1681 1577 1734 et
1617 1670 1677 1734 hi
1726 1672 2039 1736 abiverant
2080 1671 2153 1735 ad
2198 1670 2528 1747 sinistrum,
2580 1680 2639 1736 at

541 1771 624 1833 illi
655 1773 727 1836 ad
757 1775 1043 1835 dextrum.

1038 1950 1148 2014 DE
1202 1948 1681 2015 CREATIONE
1735 1949 2143 2014 UNIVERSI.

701 2080 800 2137 75.
857 2076 1151 2155 Quoniam
1197 2077 1255 2138 in
1282 2076 1484 2140 Primo
1528 2075 1638 2137 hoc
1666 2076 1870 2159 Capite
1912 2076 1984 2138 de
2013 2076 2141 2140 Deo
2184 2075 2470 2141 Creatore
2514 2076 2639 2163 agi-

536 2186 670 2252 tur,
724 2177 897 2240 etiam
935 2177 1005 2239 de
1034 2165 1345 2241 'Creatione
1376 2177 1648 2242 Universi
1692 2177 1768 2240 ab
1809 2176 1942 2264 Ipso
1985 2178 2275 2262 agendum
2320 2186 2438 2253 est,
2491 2178 2641 2241 sicut

533 2277 597 2340 in
629 2287 911 2362 sequente
939 2278 1141 2365 Capite
1170 2278 1242 2341 de
1275 2279 1534 2342 Domino
1564 2279 1961 2363 Redemptore
1981 2326 1997 2352 ,
2035 2279 2210 2341 etiam
2242 2279 2313 2342 de
2344 2279 2640 2367 Redemp-

535 2380 732 2451 tione;
786 2381 887 2444 sed
929 2402 1045 2443 non
1090 2390 1278 2468 potest
1307 2379 1515 2465 aliquis
1542 2381 1753 2466 justam
1798 2379 1989 2443 ideam
2034 2379 2105 2442 de
2148 2379 2462 2445 creatione
2492 2379 2640 2448 Uni·

535 2483 697 2545 versi
724 2483 832 2545 sibi
863 2501 1240 2567 comparare,
1295 2482 1401 2546 nisi
1431 2481 1662 2567 aliquae
1690 2482 2054 2566 cognitiones
2083 2481 2440 2545 universales
2470 2502 2638 2568 prae-

535 2583 751 2646 missae
783 2583 1138 2645 intellectum
1167 2588 1224 2645 in
1254 2592 1468 2646 statum
1502 2582 1890 2671 perceptionis
1916 2582 2250 2657 immittant,
2288 2605 2438 2668 quae
2467 2591 2641 2645 erunt

534 2695 873 2770 sequentes.
957 2683 1000 2745 l.
1049 2683 1224 2762 Quod
1268 2683 1384 2746 duo
1427 2683 1633 2747 Mundi
1674 2683 1823 2758 sint,
1875 2682 2135 2747 Mundus
2174 2681 2523 2768 spiritualis,
2578 2681 2638 2745 in

531 2807 664 2873 quo
703 2793 838 2847 sunt
865 2782 1073 2869 Angeli
1103 2796 1158 2846 et
1185 2784 1467 2872 Spiritus,
1515 2794 1571 2845 et
1603 2784 1863 2849 Mundus
1899 2783 2203 2859 naturalis,
2242 2784 2303 2845 in
2345 2805 2463 2870 quo
2505 2793 2640 2847 sunt

535 2885 831 2950 homines.
923 2884 998 2948 11.
1055 2884 1231 2963 Quod
1274 2885 1332 2946 in
1373 2893 1622 2970 utroque
1648 2883 1898 2972 jMundo
1936 2884 2008 2948 sit
2048 2883 2182 2959 Sol,
2237 2894 2296 2946 et
2343 2884 2498 2970 quod
2539 2882 2642 2948 Sol

535 2986 752 3051 Mundi
781 2986 1096 3070 spiritualis
1125 2988 1195 3049 sit
1226 3007 1405 3070 purus
1433 2983 1618 3048 Amor
1647 3006 1719 3048 ex
1745 2983 2017 3049 Jehovah
2047 2984 2205 3061 Deo,
2261 2985 2379 3064 Qui
2422 2984 2480 3048 in
2521 3006 2643 3048 me-

539 3089 647 3151 dio
689 3087 812 3170 ejus
844 3099 958 3158 est;
1011 3098 1068 3150 et
1114 3086 1270 3174 quod
1319 3107 1388 3148 ex
1430 3086 1529 3150 illo
1556 3085 1693 3149 Sole
1736 3086 2057 3172 procedant
2102 3085 2263 3150 calor
2301 3094 2358 3150 et
2398 3086 2526 3162 lux,
2579 3097 2638 3150 et

542 3190 706 3276 quod
736 3189 916 3253 Calor
945 3189 1076 3251 inde
1107 3189 1429 3276 procedens
1470 3187 1529 3249 in
1574 3206 1680 3250 sua
1723 3188 1968 3251 essentia
2014 3188 2108 3273 sitr
2133 3208 2332 3263 amor,
2387 3196 2444 3248 et
2483 3187 2639 3273 qnod

543 3291 677 3354 Lux
703 3289 838 3352 inde
870 3290 1225 3377 procedens,
1279 3289 1335 3350 in
1365 3309 1467 3352 sua
1498 3289 1744 3351 essentia
1771 3288 1845 3351 sit
1873 3289 2188 3372 sapientia;
2244 3299 2302 3353 et
2345 3288 2502 3374 quod
2540 3288 2639 3352 illa

541 3389 666 3465 d'uo
713 3391 965 3456 afficiant
1013 3391 1379 3455 voluntatem
1426 3399 1483 3450 et
1530 3389 1889 3452 intellectum
1944 3389 2226 3461 hominis,
2302 3389 2466 3453 calor
2513 3388 2639 3472 ejus

544 3492 951 3568 voluntatem,
1007 3503 1065 3555 et
1093 3493 1188 3555 lux
1218 3492 1339 3577 ejus
1374 3491 1765 3553 intellectum:
1820 3499 1882 3552 at
1923 3491 2079 3576 quod
2106 3489 2208 3554 Sol
2237 3490 2443 3554 Mundi
2476 3497 2645 3552 natu·

545 3593 688 3656 ralis
714 3595 785 3658 sit
815 3616 994 3679 purus
1024 3593 1211 3678 Ignis,
1264 3602 1320 3654 et
1356 3593 1511 3678 quod
1553 3591 1687 3653 ideo
1716 3591 1893 3655 Calor
1931 3592 2066 3654 inde
2105 3592 2178 3656 sit
2222 3601 2519 3665 mortuus,
2570 3589 2647 3654 si-

547 3693 767 3758 militer
805 3694 963 3770 Lux,
1015 3705 1073 3758 et
1115 3694 1268 3778 quod
1314 3693 1635 3759 inserviant
1678 3692 1875 3756 Calori
1922 3701 1979 3756 et
2019 3692 2163 3755 Luci
2206 3692 2490 3780 spirituali
2539 3712 2643 3778 pro

547 3794 807 3859 amiculo
853 3806 910 3858 et
957 3795 1307 3859 adminiculo
1354 3804 1415 3858 ut
1459 3795 1531 3857 ad
1575 3791 1871 3856 hominem
1917 3803 2234 3858 transeant.
2333 3792 2441 3856 111.
2488 3791 2643 3856 Tum

547 3896 707 3982 quod
757 3896 854 3961 illa
901 3896 1048 3973 duo,
1102 3919 1250 3983 quae
1298 3895 1620 3982 procedunt
1678 3916 1711 3957 a
1755 3895 1892 3958 Sole
1929 3895 2133 3957 Mundi
2179 3894 2529 3979 spiritualis,
2583 3903 2640 3956 et

544 3996 682 4059 inde
713 3998 906 4060 omnia
939 4018 1088 4085 quae
1119 4019 1220 4084 per
1257 3997 1356 4059 illa
1398 3997 1477 4058 ibi
1518 3998 1806 4072 existunt,
1854 3997 1968 4059 sint
2012 3994 2417 4060 substantialia
2458 4002 2518 4058 et
2560 3992 2647 4055 di-

547 4108 761 4161 cantur
788 4099 1145 4187 spiritualia,
1199 4105 1254 4159 et
1284 4098 1442 4184 quod
1469 4096 1678 4161 similia
1722 4096 1838 4159 duo
1881 4117 2032 4183 quae
2057 4096 2390 4182 procedunt
2432 4116 2464 4158 a
2506 4092 2645 4157 Sole

544 4198 755 4263 Mundi
786 4200 1101 4274 naturalis,
1154 4210 1213 4262 et
1240 4198 1375 4262 inde
1402 4199 1601 4264 omnia
1631 4219 1783 4285 quae
1815 4217 1916 4283 per
1942 4196 2037 4260 illa
2065 4196 2161 4260 hic
2194 4197 2479 4269 existunt,
2531 4193 2649 4258 sint

544 4302 875 4367 materialia
904 4305 964 4368 et
990 4301 1263 4367 dicantur
1290 4299 1599 4365 naturalia.
1682 4296 1781 4364 lv.
1830 4296 2006 4377 Quod
2044 4298 2105 4360 in
2138 4305 2388 4378 utroque
2418 4291 2644 4356 Mundo
