3309 4775
546 337 592 398 Ι.
633 337 826 391 DEUS
869 336 1244 390 CREATOR.
1289 363 1353 373 —
1421 336 1780 391 OMNIPOT.
1824 336 2130 391 OMMSO.
2174 335 2483 391 OMMPR.
2566 350 2634 401 75

546 514 753 558 suum:
804 501 864 554 et
908 490 1149 576 insuper
1192 487 1382 555 omnis
1424 490 1599 578 lapis,
1658 501 1714 555 et
1760 491 1950 556 omnis
2004 491 2259 564 minera,
2326 515 2510 579 usque
2560 495 2635 558 ad

544 592 999 679 unumquemvis
1038 592 1339 678 pulverem
1368 599 1597 667 terrae,
1654 592 1712 653 in
1741 612 1927 655 suum.

701 698 801 757 55.
857 694 1006 774 Quis
1031 715 1152 757 non
1183 692 1373 768 videt,
1413 693 1570 777 quod
1600 715 1719 756 non
1749 694 1921 757 detur
1950 694 2300 781 Imperium,
2343 693 2637 781 Regnum,

547 796 841 870 Ducatus‚
900 793 1288 879 Respublica,
1342 792 1596 868 Civitas,
1662 793 1929 869 Domus,
1992 816 2144 881 quae
2186 816 2305 857 non
2348 797 2640 861 constabi-

544 896 766 960 liuntur
795 917 899 981 per
937 895 1121 980 leges,
1175 914 1327 980 quae
1357 893 1579 959 faciunt
1606 895 1923 971 Ordinem,
1977 906 2036 959 et
2075 895 2158 959 sic
2196 894 2445 960 sormam
2488 898 2640 982 regi-

547 998 717 1062 minis
743 997 900 1083 ejus;
953 997 1015 1060 in
1041 995 1282 1081 singulis
1320 996 1432 1061 illis
1468 995 1655 1081 Leges
1697 996 1951 1080 justitiae
1991 1005 2127 1062 sunt
2166 1017 2441 1081 supremo
2488 998 2637 1073 loco,

549 1098 738 1185 Leges
773 1098 1044 1184 politicae
1081 1096 1372 1172 secundo,
1426 1105 1483 1161 et
1529 1097 1716 1184 Leges
1748 1096 2184 1163 Oeconomicae
2226 1098 2438 1176 tertio,
2490 1120 2642 1184 quae

546 1201 597 1263 si
643 1209 1062 1285 comparantur
1113 1220 1243 1261 cum
1290 1196 1580 1274 Homine,
1647 1198 1834 1282 Leges
1880 1198 2132 1280 justitiae
2184 1197 2405 1262 faciunt
2452 1199 2642 1286 Caput

544 1303 709 1387 ejus»,
757 1300 944 1384 Leges
973 1299 1242 1387 politicae
1270 1297 1495 1386 Corpus
1520 1299 1675 1382 ejus,
1729 1307 1790 1363 et
1833 1300 2020 1383 Leges
2048 1300 2484 1365 Oeconomicae
2524 1301 2639 1365 Ve-

546 1413 696 1476 stes,
748 1421 932 1486 quare
961 1400 1138 1463 etiam
1181 1399 1289 1463 hae
1330 1401 1478 1465 sicut
1507 1409 1700 1465 vestes
1729 1401 1942 1464 mutari
1986 1407 2239 1488 possunt.
2322 1399 2497 1479 Quod
2537 1423 2642 1467 au-

550 1511 670 1567 tem
699 1501 999 1564 concernit
1030 1501 1333 1574 Ordinem,
1379 1502 1436 1563 in
1466 1523 1640 1587 quem
1673 1500 1931 1565 Ecclesia
1962 1523 1993 1563 a
2024 1501 2152 1565 Deo
2179 1500 2503 1565 instaurata
2533 1507 2640 1573 est,

545 1609 634 1668 est
672 1602 803 1678 ille,
850 1611 913 1664 ut
943 1603 1105 1666 Deus
1147 1602 1219 1665 sit
1256 1602 1314 1664 in
1347 1603 1620 1668 omnibus
1652 1611 1710 1664 et
1751 1603 1991 1688 singulis
2036 1603 2192 1686 ejus,
2244 1612 2300 1665 et
2348 1603 2642 1688 proximus

545 1723 689 1788 erga
719 1725 892 1788 quem
924 1702 1092 1766 Ordo
1121 1703 1480 1767 exercendus
1505 1712 1622 1775 est;
1678 1703 1865 1789 Leges
1896 1702 2051 1768 illius
2076 1703 2301 1767 ordinis
2327 1715 2461 1768 sunt
2504 1707 2638 1767 toti-

542 1804 679 1867 dem
711 1815 858 1889 quot
887 1802 1180 1869 Veritates
1206 1805 1263 1866 in
1293 1804 1524 1876 Verbo,
1579 1804 1769 1889 Leges
1795 1826 1948 1890 quae
1988 1813 2255 1887 spectant
2280 1804 2471 1869 Deum
2493 1854 2509 1880 ‚
2555 1804 2642 1869 fa-

538 1906 697 1969 cient
729 1902 922 1992 Caput
951 1907 1105 1990 ejus,
1161 1905 1349 1992 Leges
1375 1926 1526 1991 quae
1553 1914 1821 1992 spectant
1849 1906 2174 1993 proximum
2197 1953 2214 1981 ,
2254 1905 2468 1969 facient
2497 1906 2642 1971 Cor·

535 2029 648 2093 pus
675 2006 841 2092 ejus,
895 2027 965 2071 ac
994 2006 1378 2072 Ceremoniae
1404 2005 1618 2070 facient
1646 2006 1881 2082 Vestes,
1940 2027 2074 2069 nam
2102 2005 2210 2070 nisi
2238 2004 2349 2069 hae
2377 2008 2641 2071 contine·

536 2117 672 2170 rent
702 2106 840 2173 illas
879 2110 938 2171 in
964 2130 1071 2172 suo
1101 2107 1357 2183 Ordine,
1413 2107 1569 2172 foret
1592 2109 1742 2172 sicut
1770 2108 2093 2172 nudaretur
2120 2107 2380 2194 Corpus,
2431 2128 2501 2172 ac
2540 2130 2641 2173 ex-

530 2218 869 2296 poneretur
897 2208 1084 2273 aestui
1117 2210 1176 2272 in
1217 2217 1470 2283 aestate,
1524 2218 1583 2271 et
1621 2208 1829 2295 frigori
1877 2208 1937 2271 in
1978 2208 2225 2299 hyeme3
2276 2218 2380 2272 aut
2417 2209 2565 2274 sicut
2606 2232 2639 2272 e

526 2308 788 2400 Templo
822 2310 1200 2374 auferrentur
1228 2309 1481 2397 parietes
1510 2319 1566 2373 et
1595 2308 1931 2385 lacunaria,
1971 2318 2030 2373 et
2055 2310 2139 2374 sic
2167 2308 2447 2400 Adytum,
2496 2310 2638 2387 Ara,

529 2423 588 2476 et
618 2412 938 2501 Pulpitum
966 2413 1077 2476 sub
1107 2412 1204 2475 diu
1236 2412 1413 2477 variis
1442 2414 1705 2497 exposita
1738 2412 2034 2476 violentiis
2062 2422 2412 2498 prostarent.

682 2521 790 2578 56.
873 2511 983 2576 111.
1031 2512 1222 2592 Qoon
1272 2512 1389 2577 Dm
1442 2513 1936 2578 Omniro‘rssn'rm
1989 2532 2124 2576 TAM
2176 2532 2242 2576 m
2296 2512 2642 2589 Umvnnso,

523 2636 721 2693 QUAM
747 2635 829 2685 m,
853 2632 1141 2678 ommnos
1182 2635 1258 2679 nr
1296 2633 1577 2679 smoums
1615 2634 1761 2678 mus
1799 2632 2140 2678 secuunum
2169 2632 2359 2677 mons
2384 2633 2489 2678 sm
2518 2614 2643 2678 On·

526 2734 709 2780 mms
737 2733 1069 2779 Pnocssnn·
1093 2735 1171 2777 ΕΤ
1197 2735 1539 2779 οΡΕιιΕτυιι.
1595 2713 1761 2779 Deus
1788 2723 1873 2777 est
1901 2714 2312 2801 Omnipotens,
2356 2714 2491 2800 quia
2520 2736 2646 2778 om-

527 2818 631 2880 nia
662 2825 865 2905 potest
896 2837 964 2877 ex
989 2815 1098 2889 Se,
1145 2824 1204 2878 et
1232 2836 1435 2879 omnes
1460 2814 1559 2877 alii
1592 2835 1665 2877 ex
1707 2814 1873 2902 Ipso;
1930 2814 2116 2898 lpsius
2155 2814 2335 2878 Posse
2380 2823 2437 2878 et
2476 2814 2643 2880 Velle

526 2939 714 2983 unum
764 2925 944 2990 sunt,
997 2924 1055 2976 et
1101 2916 1236 3000 quia
1290 2937 1409 2978 non
1456 2916 1598 2979 Vult
1642 2915 1752 2979 nisi
1800 2935 1974 3001 quam
2022 2914 2292 2991 Bonum,
2346 2915 2478 2978 ideo
2525 2938 2642 2979 non

528 3028 726 3106 potest
774 3016 982 3082 facere
1033 3016 1138 3080 nisi
1191 3035 1368 3102 quam
1414 3016 1683 3089 Bonum;
1755 3002 1812 3077 ii·
1862 3016 2086 3081 Mundo
2132 3016 2417 3103 spirituali
2470 3037 2645 3081 nemo

529 3130 729 3208 potest
762 3116 992 3204 aliquid
1024 3115 1219 3180 facere
1249 3127 1456 3180 contra
1487 3138 1653 3180 suam
1689 3117 2089 3192 voluntatem,
2144 3117 2258 3180 hoc
2285 3115 2524 3181 trahunt
2565 3119 2644 3181 ibi

527 3245 605 3286 ex
631 3222 804 3296 Deo,
863 3218 1026 3304 quod
1058 3218 1247 3303 Ipsius
1275 3240 1440 3305 posse
1468 3222 1527 3280 et
1555 3218 1706 3283 velle
1746 3239 1925 3281 unum
1955 3222 2101 3282 sint:
2153 3228 2239 3282 est
2281 3219 2455 3282 etiam
2486 3221 2644 3284 Deus

525 3325 725 3411 ipsum
759 3321 1042 3394 Bonum,
1095 3340 1279 3405 quare
1307 3320 1444 3384 dnm
1475 3319 1708 3384 Bonum
1737 3318 1911 3391 facit,
1963 3319 2019 3382 in
2059 3319 2135 3382 Se
2172 3329 2290 3394 est,
2342 3331 2399 3383 et
2445 3321 2642 3406 egredi

525 3447 601 3489 ex
630 3425 710 3488 Se
742 3444 870 3487 non
911 3430 1139 3509 potest;
1189 3421 1322 3484 inde
1361 3428 1551 3507 patet,
1602 3420 1762 3506 quod
1792 3420 2235 3508 Omnipotentia
2281 3420 2467 3506 Ipsius
2505 3444 2641 3507 pro-

526 3525 843 3611 grediatur
884 3532 946 3585 et
990 3530 1270 3610 operetur
1307 3522 1458 3585 intra
1488 3520 1814 3610 Sphaeram
1860 3522 2216 3586 extensionis
2255 3520 2437 3596 Boni,
2493 3543 2642 3608 quae

525 3624 759 3690 infinita
788 3636 910 3695 est;
969 3621 1119 3687 haec
1158 3624 1314 3685 enim
1357 3622 1604 3706 sphaera
1650 3623 1728 3688 ab
1771 3623 1978 3686 intimo
2020 3622 2223 3708 implet
2263 3604 2643 3698 Uniiiersum,

527 3736 592 3792 et
620 3728 824 3791 omnia
857 3734 917 3786 et
944 3725 1172 3811 singula
1203 3725 1315 3799 ibi,
1369 3733 1428 3787 et
1456 3725 1531 3788 ab
1572 3725 1777 3788 intimo
1804 3724 1957 3809 regii
1988 3723 2084 3787 illa
2113 3744 2264 3809 quae
2295 3731 2460 3788 extra
2486 3734 2641 3798 sunt,

527 3837 828 3916 quantum
857 3822 1010 3888 haec
1035 3826 1356 3889 secundum
1384 3846 1523 3889 suos
1549 3826 1788 3889 ordines
1817 3847 1878 3887 se
1912 3825 2311 3910 conjungunt,
2366 3832 2422 3887 et
2449 3824 2495 3888 si
2525 3847 2642 3887 non

524 3950 594 3995 se
623 3929 1040 4014 conjungunt,
1092 3947 1277 4014 usque
1319 3926 1563 3991 sustinet
1603 3926 1736 4000 illa,
1788 3931 1847 3986 et
1894 3927 2052 3987 omni
2095 3933 2310 3988 conatu
2352 3923 2645 3988 allaborat

522 4030 629 4094 illa
676 4029 739 4092 in
792 4026 1066 4091 ordinem
1122 4027 1474 4091 concordem
1528 4024 1885 4099 universali,
1934 4023 1995 4087 in
2041 4046 2160 4112 quo
2206 4025 2338 4111 Ipse
2383 4024 2546 4090 Deus
2583 4026 2641 4088 in

525 4128 993 4219 Omnipotentia
1022 4148 1125 4192 sua
1166 4136 1285 4203 est,
1337 4135 1395 4191 et
1431 4125 1759 4192 secundum·
1796 4146 1971 4211 quem
2013 4126 2166 4212 agit,
2219 4124 2536 4199 reducere,
2583 4134 2645 4189 et

518 4235 567 4299 si
598 4231 721 4299 hoc
745 4251 869 4296 non
898 4227 998 4304 fit,
1055 4227 1404 4314 rejiciuntur
1437 4236 1601 4293 extra
1629 4228 1861 4316 Ipsum,
1917 4225 2015 4289 ubi
2057 4223 2435 4287 nihilominus
2472 4225 2643 4286 susti-
