3309 4775
741 396 811 446 98
967 383 1428 438 UNtVERSA
1474 382 2010 436 THEOLOGIA
2053 383 2121 438 N.
2168 383 2230 434 C.
2277 383 2386 433 ΕΤ
2431 383 2498 437 Ν.
2542 383 2614 436 Ε.

737 538 911 625 liujus
928 536 1168 610 Mundi;
1197 558 1336 601 num
1365 535 1437 600 de
1467 558 1558 609 eo,
1592 534 1752 621 quod
1786 555 1905 598 non
1919 536 2184 621 -amplius
2210 534 2334 599 sitis
2363 537 2516 600 intra
2539 536 2859 612 Naturam,

736 640 837 705 sed
863 660 1042 726 supra
1073 637 1253 713 illam,
1292 646 1378 701 est
1410 638 1564 699 enim
1596 634 1693 698 hic
1720 636 1998 711 Mundus,
2043 646 2097 699 et
2128 645 2265 700 sunt
2294 638 2493 699 omnia
2534 638 2668 719 ejus
2693 640 2860 721 spiri-

736 740 1014 814 tualia,et
1040 739 1363 827 spiritualia
1391 747 1528 801 sunt
1551 756 1730 822 supra
1761 737 2076 811 naturalia,
2106 738 2252 800 adeo
2284 747 2347 799 ut
2377 759 2450 800 ne
2481 738 2730 823 quidem
2765 741 2859 799 mi·

738 844 961 906 nimum
991 851 1259 913 naturae,
1288 839 1346 900 in
1376 859 1489 926 qua
1518 837 1726 912 fuistis,
1762 839 1939 923 possit
1967 839 2026 901 in
2061 837 2218 900 hunc
2252 838 2540 902 Mundum
2573 836 2856 901 influere:

739 943 840 1008 sed
871 963 995 1017 vos,
1015 941 1151 1027 quia
1173 941 1467 1006 Naturam
1499 939 1823 1002 credidistis
1845 937 2035 1002 Deum
2062 947 2159 999 aut
2181 939 2386 1012 Deam,
2409 938 2655 1002 creditis
2681 939 2856 1001 etiam

740 1045 961 1108 Lucem
987 1050 1047 1105 et
1066 1039 1338 1104 Calorem
1366 1039 1539 1124 hujus
1562 1039 1768 1104 Mundi
1790 1061 1913 1103 esse
1942 1040 2127 1102 lucem
2152 1050 2207 1102 et
2231 1035 2487 1102 calo'rem
2505 1039 2732 1103 Mundi
2763 1061 2858 1103 na·

742 1143 967 1217 turalis,
996 1164 1128 1205 cum
1159 1150 1356 1204 tamen
1387 1161 1463 1204 ne
1490 1139 1673 1202 hilum
1703 1141 1796 1214 sit,
1831 1161 1966 1203 nam
1990 1138 2117 1203 Lux
2149 1140 2429 1202 naturalis
2457 1137 2552 1200 hic
2587 1151 2678 1203 est
2711 1139 2861 1203 Cali-

746 1265 840 1330 go‚
870 1253 927 1307 et
956 1240 1137 1306 Calor
1165 1241 1451 1304 naturalis
1476 1239 1573 1303 hic
1616 1250 1702 1305 est
1737 1241 1787 1305 F
1791 1242 1982 1326 rigus;
2047 1262 2185 1303 num
2230 1240 2446 1325 aliquid
2492 1241 2757 1303 scivistis
2795 1241 2860 1303 de

742 1343 881 1408 Sole
901 1343 1075 1429 hujus
1101 1340 1333 1415 Mundi,
1364 1361 1432 1402 ex
1464 1363 1583 1427 quo
1613 1350 1814 1404 nostra
1834 1342 2044 1415 Lnxct
2068 1350 2269 1403 noster
2288 1340 2466 1403 Calor
2493 1343 2859 1424 procedunt;

748 1465 885 1507 num
924 1440 1201 1516 scivistis,
1242 1440 1397 1528 quod
1429 1441 1523 1505 hic
1549 1440 1654 1506 Sol
1679 1441 1750 1504 sit
1782 1464 1963 1530 purus
1991 1439 2207 1515 Amor,
2244 1449 2300 1503 et
2329 1441 2488 1527 quod
2515 1440 2620 1504 Sol
2653 1442 2861 1505 Mundi

748 1542 1031 1607 naturalis
1073 1543 1145 1606 sit
1194 1565 1371 1628 purus
1417 1543 1609 1629 Ignis,
1662 1550 1718 1605 et
1758 1543 1917 1627 quod
1957 1540 2059 1606 Sol
2100 1541 2339 1615 Mundi,
2396 1541 2492 1627 qui
2538 1550 2631 1605 est
2677 1564 2860 1631 purus

745 1644 925 1731 ignis,
974 1643 1047 1708 sit
1075 1665 1141 1707 ex
1172 1667 1288 1729 quo
1315 1643 1548 1708 Natura
1581 1643 1799 1706 exstitit
1828 1652 1886 1706 et
1913 1642 2201 1715 subsistit,
2254 1651 2313 1704 et
2352 1643 2510 1727 quod
2541 1642 2650 1705 Sol
2691 1643 2860 1715 caeli,

747 1745 845 1832 qui
875 1752 962 1809 est
990 1767 1169 1833 purim
1204 1749 1418 1816 ,xz-«ior,
1471 1746 1543 1807 sit
1573 1765 1640 1806 ex
1673 1765 1790 1829 qno
1820 1744 1940 1830 ipsa
1971 1743 2139 1815 Vita,
2192 1763 2346 1828 quae
2388 1753 2470 1806 est
2518 1765 2695 1805 amor
2744 1764 2858 1806 una

747 1866 879 1909 cum
909 1844 1192 1932 sapientia
1218 1893 1231 1919 ,
1285 1844 1477 1906 existit
1504 1853 1559 1906 et
1603 1844 1894 1917 subsistit;
1949 1853 2006 1905 et
2044 1845 2124 1907 sic
2165 1844 2323 1931 quod
2353 1843 2622 1918 Natura,
2679 1864 2859 1929 quam

746 1947 935 2010 facitis
980 1946 1172 2009 Deum
1228 1952 1328 2005 aut
1379 1944 1591 2018 Deam,
1646 1944 1721 2008 sit
1767 1942 1938 2031 plane
1981 1948 2229 2007 mortua.
2309 1943 2430 2007 Vos
2477 1945 2766 2028 potestis,
2817 1945 2861 2008 si

750 2043 1013 2110 custodia
1047 2044 1214 2108 vobis
1241 2043 1445 2116 datur,
1499 2067 1630 2107 cum
1676 2044 1845 2109 nobis
1877 2045 2193 2110 ascendere
2229 2044 2284 2105 in
2316 2042 2555 2108 Caelum
2577 2093 2592 2120 ,
2649 2054 2712 2106 et
2753 2067 2861 2109 nos

751 2165 1085 2231 possumus,
1139 2144 1181 2207 si
1225 2146 1484 2208 custodia
1531 2146 1738 2221 datur,
1792 2166 1923 2207 cum
1966 2145 2136 2209 vobis
2175 2145 2529 2208 descendere
2569 2146 2632 2207 in
2672 2144 2866 2209 Inser-

753 2265 924 2319 nnm‚
978 2252 1036 2307 et
1079 2244 1352 2309 videbitis
1393 2245 1450 2309 in
1495 2246 1678 2311 Caelo
1719 2244 2028 2331 magnifica
2069 2255 2124 2307 et
2166 2244 2501 2331 splendida,
2553 2254 2618 2308 at
2658 2246 2721 2307 in
2772 2245 2863 2308 ln-

750 2344 919 2410 ferno
949 2344 1141 2433 turpia
1171 2356 1226 2409 et
1258 2346 1593 2419 immunda;
1650 2345 1985 2411 discrimina
2016 2345 2114 2409 illa
2147 2354 2313 2414 sunt.
2370 2346 2506 2431 quia
2549 2367 2768 2411 omnes
2808 2347 2859 2409 in

750 2446 1161 2511 Caelo.colunt
1189 2448 1414 2521 Deum,
1468 2457 1526 2511 et
1555 2468 1762 2513 omnes
1804 2449 1864 2508 in
1902 2445 2145 2511 Inferno
2173 2448 2372 2511 colunt
2399 2446 2695 2511 Naturam
2719 2496 2738 2524 ,
2797 2470 2860 2511 ac

752 2545 1059 2633 magnifica
1088 2556 1145 2609 et
1172 2546 1476 2635 splendida
1508 2547 1604 2611 illa
1638 2548 1697 2610 in
1729 2546 1951 2622 Caelis,
1987 2557 2133 2611 “sunt
2166 2548 2732 2633 correspondentiae
2779 2548 2859 2611 af·

748 2649 1069 2713 sectionum
1117 2649 1337 2713 amoris
1378 2648 1517 2711 honi
1560 2658 1617 2712 et
1661 2648 1818 2722 veri,
1869 2656 1931 2710 at
1972 2649 2161 2735 turpia
2210 2659 2267 2711 et
2307 2647 2610 2711 immunda
2660 2648 2765 2712 illa
2809 2650 2858 2709 in

751 2749 1035 2825 Infernis,
1100 2759 1237 2814 sunt
1289 2747 1847 2838 correspondentiae
1901 2745 2277 2812 affectionum
2334 2748 2551 2812 amoris
2607 2750 2753 2811 mali
2803 2760 2855 2811 et

747 2848 893 2914 falsi.
952 2850 1037 2914 Ex
1067 2848 1156 2915 his
1183 2861 1240 2913 et
1272 2848 1382 2913 illis
1423 2849 1758 2914 concludite
1802 2869 1988 2923 nunc,
2041 2870 2180 2912 num
2221 2850 2381 2913 Deus
2425 2847 2516 2911 vel
2559 2870 2702 2911 num
2739 2848 2860 2913 Na-

748 2961 879 3014 tura
906 2951 979 3015 sit
1005 2972 1178 3015 omne
1212 2951 1267 3013 in
1298 2950 1587 3015 omnibus.
1672 2948 1761 3015 Ad
1790 2948 1938 3015 haec
1976 2948 2234 3013 Satanae
2278 2948 2748 3035 responderunt,
2808 2950 2859 3010 in

746 3059 935 3126 statu,
978 3053 1046 3112 'in
1096 3074 1215 3135 quo
1263 3073 1420 3116 nunc
1464 3075 1698 3127 sumus,
1754 3071 2059 3138 possumus
2105 3071 2178 3113 ex
2222 3049 2433 3113 auditis
2479 3050 2863 3121 concludere,

751 3148 910 3234 quod
941 3149 1102 3212 Deus
1127 3150 1217 3224 sit,
1259 3151 1359 3213 sed
1393 3172 1522 3212 cum
1550 3151 1871 3234 jucundum
1904 3150 2039 3214 mali
2071 3159 2319 3237 occupat
2351 3158 2574 3213 mentes
2605 3160 2862 3224 nostras,

746 3269 872 3312 non
917 3248 1181 3311 videmus
1220 3249 1324 3312 nisi
1358 3249 1677 3313 Naturam.
1749 3249 1885 3311 Duo
1918 3249 1998 3311 illi
2042 3250 2284 3337 Angeli,
2339 3261 2394 3311 et
2434 3252 2693 3315 Satanae
2747 3271 2865 3314 non

754 3348 959 3435 procul
991 3368 1021 3409 a
1067 3368 1157 3408 me
1198 3350 1467 3423 stabant,
1521 3370 1707 3433 quare
1750 3348 1877 3413 illos
1920 3351 2034 3415 vidi
2080 3361 2136 3413 et
2179 3350 2407 3425 audivi,
2460 3361 2516 3412 et
2550 3374 2688 3414 ecce
2742 3351 2866 3416 vidi

750 3450 970 3513 circum
1000 3448 1129 3512 illos
1159 3449 1406 3525 multos,
1460 3449 1559 3532 qui
1589 3448 1850 3511 celebres
1878 3452 2204 3516 eruditione
2244 3452 2303 3514 in
2336 3453 2562 3517 Mundo
2592 3451 2863 3515 naturali

749 3547 1017 3623 fuerant,
1072 3568 1144 3611 ac
1173 3547 1418 3611 miratus
1444 3569 1570 3611 sum
1594 3597 1609 3623 ,
1666 3549 1822 3636 qnod
1854 3550 2081 3615 Eruditi
2123 3553 2206 3616 illi
2250 3574 2407 3615 nunc
2432 3561 2661 3617 starent
2688 3553 2861 3636 juxta

710 3646 1041 3734 .Ang'elos,
1096 3669 1253 3711 nunc
1290 3648 1454 3732 juxta
1500 3648 1780 3726 Satanas,
1838 3661 1897 3715 et
1936 3653 2092 3740 quod
2135 3653 2276 3727 illis,
2333 3653 2492 3740 juxta
2542 3675 2692 3739 quos
2745 3663 2865 3717 sta-

749 3750 929 3824 bant,
980 3748 1284 3822 faverent,
1340 3758 1395 3811 et
1426 3748 1642 3814 dictum
1675 3750 1813 3815 mihi
1842 3760 1959 3827 est,
2016 3754 2172 3839 quod
2211 3754 2564 3818 mutationes
2604 3755 2758 3817 situs
2800 3753 2867 3815 il-
2947 3815 2948 3822 ,

743 3848 969 3926 lorum,
1025 3859 1216 3913 essent
1259 3849 1608 3915 mutationes
1652 3862 1840 3917 status
1882 3852 2115 3916 illorum
2162 3856 2371 3917 mentis
2412 3854 2665 3919 faventis
2697 3875 2864 3918 nuuc
2947 3899 2948 3924 2

747 3950 897 4034 parti
925 3947 1022 4012 uni
1052 3969 1208 4013 nunc
1237 3952 1387 4036 parti
1419 3949 1620 4029 alteri,
1674 3964 1842 4017 erant
1869 3953 2024 4016 enim
2069 3954 2265 4039 quoad
2312 3953 2483 4017 fidem
2528 3954 2679 4018 sicut
2725 3976 2864 4017 ver—
2947 3977 2948 4018 1

744 4049 961 4140 tumui:
1017 4059 1074 4113 et
1114 4050 1370 4116 dicemus
1406 4052 1509 4115 tibi
1539 4054 1919 4142 mysterium,
1973 4053 2341 4141 despeximus
2383 4056 2441 4117 in
2481 4056 2737 4119 Terram
2785 4053 2857 4118 ad
2947 4039 2948 4110 ἒ

746 4149 1005 4216 celebres
1047 4152 1409 4227 eruditione,
1466 4160 1524 4213 et
1551 4152 1889 4215 invenimus
1915 4163 2224 4217 sexcentos
2266 4175 2335 4217 ex
2378 4153 2533 4218 mille
2576 4176 2683 4241 pro
2730 4155 2860 4219 Na-

751 4256 920 4325 tura,
974 4257 1031 4334 et
1056 4251 1315 4338 reliquos
1345 4272 1453 4339 pro
1484 4250 1649 4322 Deo,
1704 4260 1762 4312 et
1801 4248 1913 4314 bos
1957 4272 2060 4335 pro
2095 4252 2225 4315 Deo
2250 4300 2264 4327 ,
2319 4255 2455 4338 quia
2500 4275 2617 4317 non
2662 4256 2866 4317 ex-iu-
