3309 4775
1079 400 1148 450 58
1300 388 1755 443 UNIVERSA
1799 388 2330 441 THEOLOGIA
2385 387 2455 443 N.
2498 386 2561 440 Ο.
2606 386 2713 438 ΕΤ
2753 386 2822 443 Ν.
2866 387 2933 441 Ε.

1075 546 1247 609 etiam
1267 594 1282 619 ,
1333 542 1503 635 quod
1526 539 1725 627 faciat
1748 540 1950 608 Solem
1972 566 2148 607 suum
2173 544 2408 606 exoriri
2429 563 2616 633 super
2638 540 2830 605 bonos
2854 555 2911 605 et
2935 538 3173 615 malos,-

1074 670 1148 711 ac
1185 644 1353 739 quod
1379 643 1651 737 pluviam
1694 648 1885 709 niiuat
1923 668 2109 736 super
2145 645 2348 729 justos
2393 657 2451 708 et
2487 646 2777 729 injustae,
2830 641 3038 706 Matth.
3084 643 3171 708 V:

1077 751 1194 820 45;
1247 747 1347 811 sed
1377 746 1533 832 quod
1563 766 1748 832 usque
1777 746 1914 809 mali
1939 746 2052 809 sint
2083 744 2248 819 mali,
2303 765 2373 807 ac
2402 744 2554 807 mala
2593 743 2708 807 sint
2751 742 2935 819 mala,
2988 753 3079 808 est
3109 743 3173 806 in

1073 848 1211 934 ipsis
1236 847 1511 934 subjectis
1535 855 1593 910 et
1622 847 1895 930 objectis,
1952 845 2107 933 quod
2135 867 2252 908 non
2280 845 2563 933 recipiant
2592 866 2851 909 amorem
2883 843 2991 907 Dei
3021 865 3176 931 qua-

1075 949 1142 1013 lis
1169 958 1288 1022 est,
1340 957 1397 1010 et
1424 947 1625 1011 intime
1654 949 1835 1022 inest,
1885 948 1989 1011 sed
2014 947 2219 1034 quales
2253 945 2357 1035 ipsi
2399 954 2567 1021 sunt,
2615 946 2881 1009 similiter
2924 956 2986 1009 ut
3026 944 3176 1009 facit

1073 1050 1238 1136 spina
1268 1059 1326 1112 et
1356 1051 1540 1113 urtica
1569 1071 1703 1112 cum
1731 1049 1929 1113 calore
1967 1048 2135 1122 solis,
2187 1057 2244 1110 et
2288 1069 2417 1110 cum
2461 1046 2655 1134 pluvia
2696 1046 2859 1110 caeli.
2930 1045 3175 1110 Secun-

1074 1171 1220 1214 nnm
1248 1150 1621 1214 EsseurrALc
1648 1170 1887 1214 Amoms
1914 1149 2066 1225 Dm,
2118 1147 2287 1240 quod
2321 1163 2411 1213 est
2444 1145 2607 1212 velle
2644 1172 2825 1213 unum
2865 1170 2998 1211 cum
3038 1145 3175 1210 illis

1072 1275 1237 1325 esse,
1289 1251 1630 1337 agnoscitur
1668 1250 1843 1315 etiam
1886 1271 1957 1314 ex
1998 1249 2408 1334 conjunctione
2448 1249 2634 1337 Ipsius
2673 1271 2804 1313 cum
2832 1247 3013 1312 Caelo
3042 1249 3178 1311 An-

1078 1352 1298 1439 gelico‚
1351 1372 1484 1415 cum
1529 1351 1790 1415 Ecclesia
1835 1352 1893 1413 in
1942 1352 2143 1426 terris,
2196 1372 2329 1413 cum
2382 1351 2711 1436 unoquovis
2755 1350 2868 1417 ibi.
2921 1360 2981 1412 et
3026 1370 3172 1411 cum

1075 1454 1236 1517 omni
1279 1455 1436 1516 bono
1461 1462 1519 1516 et
1549 1474 1728 1528 vero,
1780 1473 1933 1538 quae
1971 1451 2267 1515 hominem
2304 1461 2363 1516 et
2392 1451 2710 1515 Ecclesiam
2751 1452 3177 1536 ingrediuntur

1077 1563 1136 1617 et
1164 1553 1415 1623 faciunt;
1459 1576 1627 1617 amor
1654 1555 1829 1618 etiam
1858 1554 1915 1617 in
1941 1575 2004 1617 se
2030 1562 2327 1640 spectatus
2353 1574 2471 1614 non
2505 1552 2662 1615 aliud
2690 1561 2777 1616 est
2804 1572 2977 1637 quam
3006 1551 3182 1615 nisus

1076 1657 1151 1720 ad
1180 1655 1685 1741 conjunctionem:
1739 1661 2099 1742 quapropter
2125 1663 2189 1717 ut
2214 1652 2327 1717 hoc
2358 1653 2641 1717 essentiae
2682 1654 2902 1716 amoris
2935 1652 3180 1716 obtine-

1073 1768 1273 1832 retur,
1327 1758 1484 1821 Deus
1531 1757 1754 1819 creavit
1797 1754 2092 1820 hominem
2140 1755 2200 1817 in
2247 1756 2560 1839 imaginem
2620 1764 2678 1817 et
2726 1753 3177 1817 similitudinem

1069 1879 1458 1933 suam‚,cum
1502 1879 1615 1944 qua
1664 1858 2001 1942 conjunctio
2046 1855 2173 1920 fieri
2216 1865 2437 1941 potest:
2491 1856 2648 1939 quod
2688 1854 2874 1919 Amor
2914 1854 3179 1918 Divinus

1071 1961 1351 2025 continue
1378 1958 1645 2021 intendat
1676 1958 2181 2040 conjunctionem,
2236 1966 2392 2042 patet
2418 1977 2452 2018 a
2482 1955 2717 2020 Domini
2746 1955 2960 2030 verbis,
3000 1953 3184 2046 quod

1077 2059 1318 2126 volitat
1349 2084 1532 2124 unum
1555 2063 1707 2132 sint,
1752 2060 1897 2152 Ipse
1940 2061 2001 2122 in
2046 2055 2172 2122 illis
2211 2071 2267 2123 et
2302 2055 2401 2121 illi
2438 2061 2498 2120 in
2537 2058 2719 2148 Ipso,
2773 2080 2847 2120 ac
2890 2070 2955 2121 ut
2994 2079 3182 2121 amor
3301 2116 3302 2122 ,

1075 2162 1196 2226 Dei
1221 2166 1282 2224 in
1313 2159 1441 2224 ints
1468 2163 1573 2235 sit,
1626 2160 1763 2224 Joh.
1798 2158 2008 2225 XVII:
2054 2163 2157 2222 21.
2190 2163 2293 2222 22.
2327 2163 2429 2221 23.
2463 2162 2562 2221 26.
2616 2159 2914 2222 Teanum
2942 2158 3177 2222 Essuu-

1071 2283 1258 2334 ‘rlALE
1285 2282 1520 2327 Amoms
1546 2261 1668 2325 Dm
1686 2310 1702 2337 ,
1754 2260 1923 2353 quod
1942 2274 2033 2325 est
2059 2258 2409 2350 beatificare
2434 2258 2575 2323 illos
2603 2283 2644 2323 a
2678 2282 2773 2333 se,
2829 2257 3177 2344 agnoscitur

1075 2387 1145 2429 ex
1173 2363 1294 2429 vita
1323 2371 1596 2440 aeterna,
1648 2384 1802 2449 quae
1830 2370 1915 2426 est
1947 2361 2279 2438 beatitudo,
2328 2359 2626 2436 faustinis,
2673 2369 2729 2422 et
2757 2358 3004 2424 felicitas
3030 2360 3173 2423 abs·

1073 2487 1188 2552 que
1219 2464 1370 2540 fine,
1422 2487 1596 2552 quam
1629 2465 1792 2529 Deus
1819 2463 1918 2527 dat
1956 2463 2095 2533 illis,
2153 2464 2252 2548 qui
2293 2483 2555 2526 amorem
2590 2461 2775 2550 Ipsius
2813 2463 2870 2523 in
2914 2484 2975 2526 se
3013 2461 3174 2524 reci-

1074 2571 1267 2654 piunt;
1323 2568 1482 2631 Deus
1509 2567 1664 2630 enim
1692 2566 1841 2630 sicut
1868 2573 1953 2628 est
1989 2566 2107 2652 ipse
2136 2562 2352 2638 Amor,
2405 2563 2580 2626 etiam
2625 2571 2711 2625 est
2750 2561 2871 2647 ipsa
2900 2562 3175 2627 Beatitu-

1072 2669 1180 2745 do,
1232 2690 1368 2731 nam
1401 2669 1589 2731 omnis
1615 2687 1784 2730 amor
1808 2665 2123 2746 jucundum
2154 2685 2186 2727 a
2214 2686 2275 2729 se
2303 2665 2587 2751 exspirat,
2638 2672 2695 2726 et
2723 2662 2972 2728 Divinus
2999 2684 3176 2726 amor

1072 2771 1258 2858 ipsum
1291 2769 1526 2832 beatum
1549 2817 1564 2843 ‚
1619 2766 1872 2831 faustum
1894 2815 1910 2841 ‚
1963 2776 2020 2831 et
2048 2765 2183 2829 felix
2210 2766 2268 2828 in
2300 2775 2638 2838 aeternum,
2683 2766 2761 2827 ita
2795 2765 2954 2828 Deus
2981 2765 3175 2828 beati·

1071 2870 1210 2934 fleat
1234 2869 1520 2956 Angelos,
1576 2891 1644 2932 ac
1672 2868 1936 2949 homines
1963 2878 2091 2956 post
2119 2877 2366 2930 mortem
2398 2887 2429 2928 a
2470 2889 2529 2930 se
2548 2917 2561 2941 ,
2614 2865 2772 2952 quod
2800 2862 2864 2928 fit
2891 2887 2995 2954 per
3024 2886 3173 2928 con·

1070 2972 1426 3056 junctionem
1459 2991 1588 3033 cum
1627 2970 1755 3034 illis.

1229 3074 1329 3135 44.
1384 3072 1559 3153 Quod
1587 3071 1834 3135 Divinus
1863 3067 2047 3134 Amor
2074 3069 2206 3132 talis
2239 3070 2340 3133 sit.
2398 3067 2772 3152 cognoscitur
2800 3086 2870 3131 ex
2896 3063 3171 3154 Sphaera

1074 3176 1231 3258 eim,
1271 3194 1423 3257 quae
1452 3173 1718 3256 pervadit
1747 3172 2102 3237 Universum
2122 3216 2138 3244 ,
2183 3187 2253 3231 ac
2280 3169 2452 3233 afficit
2482 3169 2930 3252 unumquemvis
2956 3188 3173 3232 secun·

1073 3275 1209 3338 dum
1259 3276 1383 3356 ejus
1427 3282 1675 3345 statum3
1740 3272 1840 3334 illa
1884 3269 2168 3357 imprimis
2211 3269 2386 3332 afficit
2431 3271 2746 3342 Parentes,
2800 3290 2868 3333 ex
2913 3290 3029 3354 qua
3080 3277 3173 3333 est

1073 3377 1230 3460 quod
1260 3385 1462 3438 tenere
1493 3384 1691 3437 atinent
1722 3373 1939 3436 liberos
1962 3391 2129 3446 suos,
2184 3370 2282 3456 qui
2308 3381 2442 3434 sunt
2470 3380 2633 3435 extra
2665 3370 2822 3445 illos,
2875 3368 3032 3454 quod
3065 3391 3175 3432 ve-

1072 3477 1178 3539 lint
1205 3498 1384 3539 unum
1414 3474 1688 3539 cumillis
1716 3491 1871 3545 esse,
1924 3479 1981 3534 et
2009 3471 2167 3558 quod
2209 3469 2388 3534 velint
2415 3470 2749 3535 beatificare
2788 3470 2919 3535 illos
2959 3489 3029 3532 ex
3070 3491 3173 3542 se;

1071 3578 1223 3641 haec
1248 3576 1445 3640 Divini
1473 3573 1709 3640 Amoris
1735 3572 1998 3656 Sphaera
2041 3594 2157 3636 non
2185 3574 2362 3636 modo
2394 3573 2569 3636 afficit
2600 3572 2806 3646 bonos,
2844 3572 2943 3635 sed
2984 3571 3173 3634 etiam

1074 3678 1293 3753 malos,
1347 3686 1406 3739 et
1433 3696 1551 3739 non
1580 3673 1757 3738 modo
1788 3672 2085 3748 homines,
2134 3673 2233 3739 sed
2273 3670 2449 3736 etiam
2479 3673 2695 3738 bestias
2721 3681 2779 3735 et
2807 3694 2946 3737 aves
2973 3673 3178 3738 omnis

1074 3777 1341 3867 generis;
1396 3776 1535 3864 quid
1568 3785 1756 3838 mater
1786 3775 1939 3838 aliud
1977 3776 2196 3859 cogitat
2231 3773 2369 3838 dum
2417 3775 2640 3861 peperit
2679 3772 2932 3849 factum,
2986 3793 3174 3860 quam

1071 3901 1137 3944 se
1179 3878 1262 3942 illi
1305 3877 1454 3941 sicut
1499 3876 1696 3950 unire,
1749 3885 1805 3938 et
1849 3877 2179 3965 prospicere
2223 3874 2347 3961 ejus
2393 3876 2579 3949 bono;
2634 3874 2769 3963 quid
2815 3874 2942 3939 avis
2986 3873 3175 3950 aliud,

1071 4000 1207 4044 cum
1235 3977 1479 4043 exclusit
1505 3977 1693 4066 pullos
1721 3997 1789 4040 ex
1817 3976 1972 4052 ovis,
2026 3998 2201 4063 quam
2228 3975 2435 4041 fovere
2463 3974 2594 4040 illos
2622 3975 2733 4040 sub
2770 3975 2910 4052 alis,
2962 3984 3023 4038 et
3063 3996 3175 4060 per

1071 4077 1276 4144 oscula
1301 4078 1520 4144 inferre
1546 4100 1708 4143 escas
1749 4078 1811 4141 in
1850 4086 2088 4164 guttura
2128 4076 2399 4150 illorum;
2451 4076 2609 4162 quod
2653 4076 2942 4141 dracones
2976 4085 3037 4139 et
3080 4074 3169 4140 vi·

1081 4199 1256 4263 perae
1287 4179 1463 4243 etiam
1501 4201 1668 4244 suam
1710 4176 2049 4267 progeniem
2088 4185 2318 4253 ament,
2365 4185 2575 4241 notum
2618 4185 2721 4241 est.
2802 4175 3174 4241 Universalis

1077 4277 1176 4342 illa
1209 4279 1455 4367 sphaera
1496 4279 1669 4345 afficit
1710 4279 1771 4342 in
1811 4279 2001 4367 specie
2036 4278 2166 4343 illos
2193 4276 2292 4367 qui
2333 4275 2615 4342 Amorem
2653 4277 2814 4342 illum
2858 4275 2968 4341 Dei
3005 4276 3063 4338 in
3109 4297 3173 4339 se
