3309 4775
886 410 1152 464 FIDES
1191 410 1280 464 IN
1321 409 1818 463 SINGULARI
1861 409 2188 463 FORMA.
2542 425 2574 473 ς

481 564 687 631 Hane
729 560 1045 631 futuram
1072 561 1627 631 Damnationem
1667 560 1990 632 Jehovah
2020 553 2218 631 Deus
2256 586 2392 659 per
2428 564 2577 633 Hu-

481 689 770 731 manum
825 688 1071 748 suum,
1126 661 1326 759 quod
1378 677 1531 731 erat
1584 661 1923 731 Divinum
1974 663 2280 748 Verum,
2340 681 2579 736 sustu·

482 763 602 848 lit,
659 781 732 834 et
786 765 891 834 sie
925 761 1249 858 Angelos
1290 779 1363 831 et
1407 762 1757 832 Homines
1796 761 2138 833 redemit:
2192 789 2277 834 ac
2315 782 2579 862 postea

483 865 560 934 in
585 866 917 935 Humano
947 890 1081 935 suo
1120 865 1354 934 univit
1382 864 1724 933 Divinum
1749 866 2021 934 Verum
2050 865 2315 935 Divino
2343 869 2574 953 Bono,

485 991 614 1035 seu
665 966 1000 1036 Divinam
1055 965 1501 1062 Sapientiam
1551 964 1818 1035 Divino
1862 966 2147 1052 Amori,
2208 983 2280 1036 et
2323 968 2428 1037 sie
2469 993 2581 1038 re-

483 1066 620 1137 diit
675 1067 750 1136 in
805 1093 1012 1157 suum
1054 1067 1394 1136 Divinum
1442 1066 1518 1135 in
1554 1065 1720 1161 Quo
1756 1066 1846 1136 ab
1881 1084 2178 1137 aeterno
2217 1066 2380 1154 fuit,
2433 1094 2579 1138 una

484 1194 655 1238 cum
705 1184 780 1238 et
831 1169 906 1237 in
963 1166 1363 1263 glorificato
1402 1168 1756 1238 Humano.
1838 1168 2036 1237 Haec
2077 1167 2579 1265 intelliguntur

487 1294 620 1366 per
670 1267 813 1339 hoc
866 1267 1060 1365 apud
1112 1267 1516 1339 Johannem
1584 1269 1907 1348 „Verbum
1962 1287 2095 1336 erat
2149 1272 2322 1364 apud
2369 1274 2581 1349 Deum,

483 1388 542 1436 et
580 1373 750 1438 Deus
791 1386 920 1437 erat
965 1372 1038 1438 V
1034 1372 1273 1436 erbum:
1341 1386 1397 1436 et
1446 1371 1718 1438 Verbum
1767 1369 2190 1464 Carqfactum
2231 1386 2351 1448 est,
2405 1369 2577 1468 Cap.

484 1472 551 1539 I:
612 1478 664 1559 1..
720 1475 838 1546 14;
921 1485 995 1537 et
1045 1467 1242 1566 apud
1295 1466 1659 1549 Eundem,
1728 1473 1922 1536 Exivi
1958 1497 2000 1536 a
2042 1473 2266 1549 Patre,
2332 1488 2389 1538 et
2437 1478 2588 1539 veni

396 1655 400 1660 ᾗ
483 1578 547 1637 in
573 1572 916 1648 Mundum3
966 1576 1175 1637 iterum
1213 1571 1484 1663 relinquo
1515 1571 1841 1648 Mundum,
1879 1587 1935 1638 et
1960 1572 2131 1639 vado
2161 1573 2250 1640 ad
2272 1574 2581 1651 Patrem,“

484 1671 657 1769 Cap.
706 1672 906 1742 XVI:
963 1677 1067 1737 28.
1122 1688 1195 1741 et
1235 1696 1459 1768 porro
1499 1695 1634 1767 per
1672 1670 1814 1762 hoe
1868 1672 2139 1750 „Scimus
2177 1675 2344 1768 quod
2377 1675 2579 1741 Elius

483 1776 604 1841 Dei
642 1777 875 1841 venerit
894 1825 909 1851 ‚
978 1788 1036 1838 et
1087 1773 1319 1842 dederit
1361 1776 1537 1841 no‘bis
1593 1773 2047 1866 intelligentiam
2064 1823 2081 1852 ,
2147 1791 2210 1841 ut
2253 1800 2581 1868 cognosca-

485 1902 617 1941 mus
664 1877 737 1944 V
734 1900 929 1951 erum,
980 1889 1037 1939 et
1079 1899 1288 1941 sumus
1328 1880 1390 1941 in
1436 1876 1609 1943 Vero
1655 1880 1719 1940 in
1754 1875 1922 1942 Filio
1965 1878 2173 1969 Ipsius
2213 1878 2369 1943 Jesu
2414 1876 2582 1943 Chri-

481 1993 610 2042 sto.-
663 1978 782 2043 Hic
818 1991 908 2043 est
945 2000 1131 2041 verus
1174 1978 1344 2044 Deus
1373 1990 1431 2043 et
1480 1979 1638 2045 Vita
1675 1991 1921 2043 aeterna
1933 1989 1999 2062 ,⁴⁶
2063 1974 2224 2046 Joh.
2269 1977 2301 2044 I
2344 1977 2576 2074 Epist.

470 2076 662 2173 Cap.
711 2078 809 2146 V:
868 2089 981 2155 20.
1026 2089 1140 2153 21.
1232 2079 1340 2145 Ex
1390 2075 1505 2145 his
1556 2092 1793 2173 patet,
1868 2075 2069 2172 quod
2121 2074 2398 2173 absque
2451 2074 2577 2147 ad-

489 2194 704 2247 ventu
755 2177 1048 2248 Domini
1104 2178 1180 2246 in
1219 2175 1601 2264 Mundum,
1658 2175 1900 2247 nullus
1936 2176 2193 2247 salvari
2229 2179 2573 2275 potuerit.

486 2277 740 2348 Simile
793 2295 903 2349 est
954 2276 1214 2369 hodie5
1295 2303 1518 2375 quare
1568 2278 1714 2348 nisi
1768 2279 2125 2348 Dominus
2189 2279 2449 2349 iterum
2499 2280 2577 2349 in

483 2379 833 2450 Mundum
869 2380 1107 2450 veniat
1147 2379 1223 2450 in
1256 2380 1521 2450 Divino
1569 2382 1785 2466 Ver0,
1841 2379 2043 2477 quod
2081 2397 2194 2451 est
2224 2379 2570 2469 Verbum,

482 2505 620 2551 nee
675 2482 1057 2578 quisquam
1105 2499 1353 2578 potest
1406 2480 1683 2552 salvari.
2195 2542 2201 2549 .

641 2581 1051 2678 Singularia
1094 2581 1265 2652 fidei
1309 2609 1349 2653 a
1390 2599 1598 2679 parte
1631 2582 1945 2653 hominis
1989 2598 2158 2652 sunt
2170 2610 2193 2674 3
2253 2600 2316 2660 1.
2361 2582 2579 2680 Quod

484 2684 682 2753 Deus
738 2684 833 2753 sit
882 2684 1124 2769 UnuS,
1180 2684 1256 2752 in
1307 2693 1462 2768 Quo
1515 2683 1776 2754 Divina
1835 2683 2195 2770 Trinitas,
2251 2701 2325 2754 et
2378 2681 2579 2780 quod

491 2782 622 2853 Ille
694 2785 788 2855 sit
853 2785 1208 2855 Dominus
1281 2786 1478 2853 Deus
1559 2782 1891 2855 Salvator
1952 2784 2163 2854 Jesus
2228 2783 2578 2855 Christus.

495 2899 560 2962 2.
642 2882 859 2981 Quod
926 2884 1143 2956 Fides
1222 2884 1538 2956 salvifica
1615 2885 1712 2955 sit
1788 2882 2084 2954 credere
2163 2886 2236 2954 in
2315 2886 2578 2983 Ipsum.

495 3002 562 3066 5.
632 2985 846 3082 Quod
896 3012 1049 3057 non
1099 2984 1439 3056 facienda
1490 2986 1636 3055 sint
1687 2984 1908 3070 mala,
1992 2985 2163 3081 quia
2214 3003 2381 3056 sunt
2430 2985 2580 3056 dia-

485 3086 639 3158 boli
692 3105 766 3157 et
815 3113 859 3157 a
908 3085 1225 3158 diabolo.
1337 3097 1402 3170 4.
1478 3084 1696 3182 Quod
1760 3085 2097 3156 facienda
2149 3087 2294 3157 sint
2354 3086 2573 3174 bona,

487 3190 656 3286 quia
697 3206 864 3259 sunt
904 3189 1041 3257 Dei
1079 3205 1153 3259 et
1192 3214 1236 3258 a
1272 3189 1453 3258 Deo.
1533 3204 1596 3267 5.
1633 3190 1728 3258 Et
1768 3185 1967 3285 quod
2011 3186 2186 3258 haec
2240 3187 2580 3259 facienda

488 3291 633 3359 sint
683 3287 773 3359 ab
826 3288 1117 3359 homine
1170 3306 1250 3359 ut
1307 3287 1397 3359 ab
1444 3286 1665 3386 ‘Ipso5
1750 3306 1824 3360 at
1877 3287 2080 3384 quod
2131 3288 2575 3361 credendum

485 3390 613 3477 sit,
638 3456 645 3465 .
671 3388 870 3486 quod
923 3390 1067 3460 sint
1117 3416 1161 3460 a
1211 3390 1526 3461 Domino
1569 3389 1765 3487 apud
1813 3388 2016 3460 illum
2060 3407 2133 3460 et
2175 3415 2309 3488 per
2343 3388 2569 3461 illum.

482 3492 651 3561 Duo
685 3491 931 3589 priora
981 3508 1150 3561 sunt
1198 3490 1439 3578 Fidei,
1496 3488 1642 3560 duo
1684 3490 2094 3588 posteriora
2130 3508 2299 3562 sunt
2342 3490 2575 3561 chari-

483 3591 696 3682 tatis3
774 3608 848 3662 et
898 3592 1231 3688 quintum
1297 3609 1409 3662 est
1474 3591 2019 3689 conjunctionis
2074 3591 2447 3663 charitatis
2500 3608 2578 3662 et

483 3691 693 3777 fidei,
749 3693 850 3763 ita
900 3693 1194 3763 Domini
1248 3710 1320 3763 et
1370 3693 1710 3764 hominis.

1324 3961 1742 3973 .—..-..——---——-
