3309 4775
790 374 858 424 16
1016 361 1469 416 UNIVERSA
1522 361 2052 415 THEOLOGIA
2096 362 2163 417 N.
2206 360 2271 417 C.
2314 362 2432 414 ΕΤ
2471 361 2537 414 Ν.
2582 361 2649 416 Ε.

936 520 1037 579 13.
1090 515 1191 579 Vl.
1248 515 1438 596 Quon
1481 534 1603 579 ursi
1661 535 1822 579 unus
1867 516 2037 580 Deus
2080 535 2311 591 rcum,
2367 535 2493 580 non
2539 534 2878 580 Pormsst‘r

704 633 741 668 ⁴*
789 619 1169 684 Umvmsum
1199 636 1424 681 ennam
1450 637 1525 679 ετ
1550 635 1965 682 consmvam.
2022 616 2197 697 Quod
2227 615 2437 681 Unitas
2464 614 2577 679 Dei
2606 615 2883 679 concludi

787 718 968 803 possit
996 740 1029 782 a
1059 719 1355 782 creatione
1385 716 1694 794 Universi,
1740 726 1825 782 est
1865 718 2002 803 quia
2044 716 2400 782 Universum
2438 725 2525 781 est
2567 716 2736 803 Opus
2776 738 2884 783 co-

785 819 1208 883 haerenssicut
1235 839 1415 881 uuum
1445 840 1478 882 a
1509 817 1707 906 primis
1737 818 1809 881 ad
1840 817 2076 893 ultima,
2120 827 2178 879 et
2213 817 2370 904 quod
2404 816 2653 904 pendeat
2682 839 2718 880 a
2745 818 2882 881 Deo

790 943 908 985 uno
935 920 1082 984 sicut
1112 939 1323 1007 corpus
1349 940 1385 983 a
1411 940 1516 983 sua
1542 918 1771 990 anima;
1821 918 2175 984 Universum
2219 920 2302 983 ita
2342 928 2606 982 creatum
2648 929 2768 994 est,
2817 928 2887 981 ut

795 1022 955 1087 Deus
983 1020 1158 1108 possit
1193 1019 1629 1107 omnipraesens
1670 1039 1827 1096 esse,
1881 1042 1952 1084 ac
1990 1019 2099 1083 sub
2138 1019 2396 1106 auspicio
2438 1041 2545 1083 suo
2583 1018 2780 1083 omnia
2823 1029 2890 1083 et

786 1122 1016 1209 singula
1045 1121 1167 1206 ejus
1195 1130 1427 1195 tenere,
1475 1142 1546 1184 ac
1575 1129 1636 1185 ut
1669 1141 1850 1183 unum
1879 1119 2179 1185 continere
2206 1119 2265 1182 in
2296 1130 2640 1208 perpetuum
2659 1168 2676 1195 ‚
2717 1119 2888 1206 quod

788 1233 877 1288 est
905 1243 1275 1287 conservare.
1332 1220 1420 1286 Ex
1446 1220 1562 1285 hoc
1587 1243 1826 1308 quoque
1854 1231 1971 1298 est,
2016 1221 2174 1308 quod
2203 1218 2484 1285 Jehovah
2512 1221 2671 1285 Deus
2699 1219 2885 1297 dicat,

792 1324 969 1406 Quod
999 1323 1106 1399 sit,
1153 1323 1400 1387 Primus
1425 1337 1481 1387 et
1514 1321 1807 1399 Ultimus,
1850 1323 2220 1415 Principium
2251 1336 2306 1386 et
2333 1322 2540 1396 Finis,
2578 1319 2797 1414 Alpha
2825 1336 2888 1387 et

791 1425 1056 1513 omega,
1099 1422 1510 1509 Esaj.XL1V.·
1551 1428 1607 1487 6.
1659 1421 1840 1509 Apoc.
1889 1423 1945 1485 lt
1994 1428 2050 1486 8.
2100 1428 2197 1485 Π.
2244 1433 2301 1487 et
2343 1422 2516 1497 alibi,
2573 1418 2886 1506 Quodfh·

790 1528 910 1590 ciat
935 1527 1138 1588 omnia
1155 1572 1170 1599 ,
1215 1523 1530 1616 expandat
1557 1522 1792 1599 caelos,
1829 1538 1884 1588 et
1909 1523 2196 1589 extendat
2229 1524 2505 1601 Terram,
2536 1546 2576 1587 α
2600 1520 2676 1588 Se
2701 1523 2885 1615 Ipso,

790 1625 943 1712 Esaj.
974 1625 1198 1689 XLIV:
1246 1627 1348 1689 24.
1417 1625 1553 1689 Hoc
1590 1644 1871 1711 magnum
1897 1625 2198 1715 Systema,
2252 1623 2409 1712 quod
2437 1633 2688 1691 vocatur
2725 1623 2887 1688 Uni-

799 1748 1068 1803 versum,
1109 1736 1195 1790 est
1221 1726 1387 1812 Opus
1404 1726 1738 1800 ,cohaerens
1768 1735 1830 1789 ut
1854 1748 2036 1789 unum
2066 1747 2098 1789 a
2129 1725 2328 1814 primis
2354 1726 2427 1790 ad
2458 1724 2695 1800 ultima,
2735 1727 2886 1811 quia

788 1829 948 1893 Deus
976 1829 1032 1890 in
1074 1826 1329 1891 creando
1371 1827 1512 1891 illud
1545 1827 1794 1891 intendit
1839 1849 2014 1890 unum
2057 1828 2293 1902 Finem,
2340 1828 2440 1913 qui
2479 1826 2589 1896 suit
2625 1825 2881 1890 Caelum

788 1928 1118 2014 angelicum
1161 1951 1231 1993 ex
1260 1927 1542 1991 Humano
1568 1927 1832 2005 Genere,
1874 1939 1934 1993 et
1973 1928 2171 1992 Media
2211 1927 2282 1990 ad
2322 1927 2482 1991 illum
2524 1926 2699 1991 finem
2738 1936 2883 1992 sunt

785 2030 1011 2104 omnia,
1050 2050 1120 2092 ex
1150 2029 1361 2116 quibus
1388 2028 1644 2094 Mundus
1671 2038 1785 2102 est;
1824 2050 1960 2094 nam
1994 2029 2093 2115 qui
2136 2028 2263 2093 vult
2301 2027 2495 2103 finem,
2536 2028 2714 2091 etiam
2747 2027 2879 2092 vult

790 2130 1015 2202 media;
1078 2151 1260 2217 quare
1305 2130 1404 2216 qui
1450 2130 1879 2218 contemplatur
1920 2130 2208 2195 Mundum
2252 2140 2314 2192 ut
2359 2129 2524 2218 Opus
2566 2128 2881 2194 continens

789 2231 1114 2295 mediorum
1155 2231 1227 2295 ad
1269 2231 1430 2294 illum
1461 2231 1670 2308 finem,
1726 2231 1822 2296 ille
1858 2240 2048 2320 potest
2092 2230 2476 2317 contemplari
2515 2229 2876 2295 Universum

790 2341 1053 2398 creatum
1089 2342 1152 2397 ut
1182 2333 1346 2421 Opus
1388 2330 1710 2399 cohaerens
1748 2341 1812 2397 ut
1849 2353 2061 2410 unum,
2105 2340 2163 2396 et
2201 2340 2389 2422 potest
2433 2331 2667 2407 videre,
2711 2331 2874 2418 quod

783 2434 1041 2498 Mundus
1064 2434 1137 2498 sit
1165 2433 1515 2519 Complexus
1543 2455 1752 2499 usuum
1780 2435 1841 2498 in
1866 2433 2197 2499 successivo
2225 2433 2428 2497 ordine
2458 2455 2562 2522 pro
2591 2433 2877 2497 Humano

783 2534 1038 2611 Genere,
1084 2557 1152 2599 ex
1188 2558 1306 2622 quo
1332 2534 1572 2599 Caelum
1599 2532 1977 2622 Angelicum;
2023 2535 2275 2600 Divinus
2298 2531 2486 2598 Amor
2525 2555 2642 2598 non
2684 2542 2875 2619 potest

782 2636 965 2700 alium
990 2635 1167 2701 finem
1197 2634 1531 2712 intendere,
1572 2657 1747 2723 quam
1777 2636 2209 2701 Beatitudinem
2240 2645 2540 2701 aeternam
2568 2633 2877 2698 hominum

782 2758 854 2801 ex
879 2760 985 2802 suo
1014 2738 1231 2803 Divino
1249 2785 1264 2813 ,
1306 2747 1366 2801 et
1393 2737 1610 2802 Divina
1639 2737 1826 2827 Ipsius
1850 2736 2147 2824 Sapientia
2173 2757 2292 2801 non
2322 2745 2509 2825 potest
2550 2735 2878 2824 producere
2961 2722 2962 2735 ¹

784 2839 946 2903 aliud
975 2860 1149 2927 quam
1180 2860 1318 2903 usus
1346 2837 1567 2903 medios
1606 2839 1679 2902 ad
1720 2838 1879 2902 illum
1923 2837 2129 2909 finem;
2178 2858 2249 2900 ex
2286 2836 2531 2902 lustrato
2558 2836 2788 2902 Mundo
2817 2836 2879 2899 in

785 2939 1103 3005 universali
1129 2940 1241 3004 bac
1269 2939 1430 3015 idea,
1476 2940 1666 3004 omnis
1690 2940 1919 3028 sapiens
1946 2947 2135 3027 potest
2163 2936 2679 3028 comprehendere,
2714 2936 2877 3025 quod

785 3037 1034 3104 Creator
1061 3041 1315 3105 universi
1342 3041 1414 3105 sit
1445 3061 1622 3116 unus,
1670 3049 1728 3103 et
1767 3040 1926 3127 quod
1954 3038 2219 3105 Essentia
2254 3039 2441 3129 Ipsius
2478 3037 2552 3103 sit
2590 3037 2777 3103 Amor
2815 3046 2881 3102 et

785 3138 1116 3225 Sapientia;
1152 3161 1336 3227 quare
1365 3163 1484 3204 uon
1515 3140 1689 3205 datur
1714 3141 2008 3227 singulare
2035 3139 2150 3216 ibi,
2186 3140 2244 3203 in
2273 3163 2393 3226 quo
2420 3160 2539 3202 non
2564 3139 2710 3203 latet
2736 3159 2880 3203 usus

786 3239 845 3301 in
877 3241 1204 3329 propinquo
1245 3251 1347 3304 aut
1385 3263 1417 3304 e
1457 3241 1779 3327 longinquo
1812 3264 1919 3329 pro
1960 3240 2229 3314 homiue;
2278 3263 2384 3330 pro
2430 3239 2591 3306 victu
2637 3241 2760 3326 ejus
2800 3260 2878 3304 ex

783 3339 1074 3405 fructibus
1114 3352 1341 3418 terrae,
1391 3349 1447 3402 et
1480 3363 1715 3428 quoque
1755 3361 1823 3405 ex
1856 3342 2236 3419 animalibus,
2280 3363 2351 3406 ac
2392 3341 2632 3408 vestitus
2667 3361 2737 3404 ex
2775 3339 2881 3406 iis-

783 3442 935 3505 dem.
1021 3441 1183 3507 Inter
1210 3440 1497 3505 mirabilia
1526 3451 1644 3518 est,
1687 3443 1843 3530 quod
1874 3442 2017 3506 viles
2040 3442 2124 3505 illi
2150 3462 2412 3519 vermeS,
2455 3442 2556 3528 qui
2583 3448 2880 3506 vocantur

782 3542 1147 3633 Bombyces,
1191 3542 1380 3609 serico
1409 3543 1663 3607 vestiant
1701 3551 1760 3609 et
1793 3542 2099 3629 magnifice
2139 3552 2354 3608 ornent
2392 3552 2450 3606 et
2487 3541 2771 3607 faeminas
2810 3550 2880 3607 et

784 3643 972 3720 viros,
1019 3665 1052 3709 a
1096 3643 1339 3731 Reginis
1368 3652 1426 3706 et
1453 3643 1746 3730 Regibus,
1791 3665 1975 3731 usque
2014 3643 2088 3708 ad
2127 3643 2369 3709 ancillas
2395 3653 2453 3707 et
2480 3642 2763 3708 famulos:
2813 3650 2882 3707 et

781 3745 941 3831 quod
970 3745 1129 3811 Viles
1161 3765 1425 3820 vermes,
1464 3744 1563 3831 qui
1590 3755 1724 3810 sunt
1751 3742 1940 3831 Apes,
1971 3745 2344 3833 suppeditent
2372 3765 2538 3810 ceras
2566 3766 2670 3832 pro
2698 3743 2880 3807 lumi-

782 3845 1023 3911 naribus
1042 3895 1058 3923 ,
1099 3867 1169 3911 ex
1198 3844 1412 3933 quibus
1437 3846 1687 3933 Templa
1715 3855 1773 3910 et
1801 3846 1986 3911 Aulae
2013 3847 2074 3910 in
2100 3845 2412 3934 splendore
2438 3854 2590 3910 sunt.
2646 3843 2740 3908 Illi
2767 3844 2874 3932 qui

779 3946 1155 4033 singulariter
1195 3947 1390 4035 aliqua
1436 3946 1496 4010 iu
1539 3946 1795 4024 Mundo,
1848 3954 1907 4013 et
1951 3968 2072 4012 uon
2115 3946 2526 4015 universaliter
2563 3944 2764 4011 omnia
2806 3945 2872 4007 in

777 4047 960 4125 serie,
995 4047 1056 4113 in
1084 4069 1201 4137 qua
1227 4057 1364 4114 suut
1402 4047 1581 4141 fines,
1624 4069 1835 4115 causae
1876 4047 2135 4125 mediae,
2187 4057 2246 4113 et
2285 4044 2555 4122 effectus,
2599 4046 2871 4121 lustrant,
2961 4084 2962 4087 =

780 4157 906 4213 tum
933 4150 1033 4238 qui
1060 4149 1433 4215 Creationem
1461 4170 1583 4215 uon
1622 4170 1657 4213 a
1685 4149 1903 4218 Divino
1934 4148 2154 4215 Amore
2182 4171 2286 4238 per
2311 4146 2590 4214 Divinam
2620 4145 2876 4235 Sapien-

781 4249 924 4316 tiam
977 4250 1310 4327 deducunt,
1377 4271 1500 4316 uon
1563 4250 1763 4322 videre
1818 4259 2104 4338 possunt,
2176 4249 2335 4338 quod
2385 4248 2744 4314 Universum
2796 4246 2872 4311 sit
