3309 4775
651 480 727 543 112
773 477 1189 532 DOMINUS
1230 476 1813 539 ΒΕΟΕΜΡΤΟΒ,
1862 507 1926 517 -
1979 476 2533 533 REDEMP'MO.
2619 493 2723 542 167

615 636 825 725 accepi
846 655 886 697 a
907 632 1098 697 Patre
1125 639 1312 707 meo,“
1355 629 1495 696 Joh.
1529 631 1613 696 X:
1651 634 1752 693 18.
1809 630 1897 695 Ex
1919 630 2011 695 his
2037 653 2194 694 nunc
2214 640 2486 698 constare
2514 643 2725 720 potest,

611 734 771 822 quod
800 733 1094 796 Dominus
1122 754 1238 796 non
1268 732 1464 818 quoad
1493 731 1774 796 Divinum
1793 780 1808 807 ‚
1859 731 1962 796 sed
1991 732 2185 820 quoad
2218 734 2562 798 Humanum
2589 757 2723 823 pas-

609 857 708 898 sus
737 835 841 906 sit,
897 844 956 896 et
983 834 1141 919 quod
1171 841 1310 894 tunc
1336 833 1541 896 intima
1570 844 1626 895 et
1654 834 1739 895 sic
1766 833 2025 918 plenaria
2058 834 2196 896 unio
2225 833 2380 899 sacta
2409 836 2499 899 sit.
2583 837 2720 901 Hoc

610 935 894 999 illustrari
939 943 1131 1020 potest
1163 953 1266 1020 per
1307 932 1448 1008 hoc,
1501 933 1662 1019 quod
1705 933 1844 996 dum
1886 933 2066 996 homo
2109 934 2327 1021 patitur
2355 935 2552 1021 quoad
2593 959 2723 1009 eor-

612 1057 752 1123 puS,
807 1035 1004 1100 anima
1033 1035 1158 1119 ejus
1186 1055 1305 1098 non
1334 1033 1623 1118 patiatur,
1675 1034 1778 1097 sed
1809 1033 1986 1098 modo
2018 1034 2250 1107 doleat;
2303 1045 2394 1100 ast
2424 1036 2586 1102 Deus
2618 1037 2724 1102 do-

611 1130 1002 1199 lorem'hunc
1040 1144 1170 1222 post
1217 1134 1522 1198 victoriam
1568 1132 1800 1212 aufert,
1854 1145 1910 1197 et
1954 1134 2238 1221 abstergit
2279 1136 2429 1201 sicut
2468 1138 2598 1225 quis
2639 1139 2723 1203 la-

608 1257 848 1326 crymas
876 1256 950 1299 ex
978 1235 1180 1298 oculis.

776 1342 918 1401 127.
992 1337 1162 1399 Haec
1217 1337 1366 1412 duo,
1422 1336 1777 1420 Redemptio
1824 1347 1883 1398 et
1928 1336 2132 1400 Passio
2173 1337 2397 1413 crucis,
2452 1337 2721 1403 distincte

614 1438 993 1527 percipienda
1020 1448 1187 1513 sunt,
1238 1437 1497 1524 alioquin
1526 1436 1726 1499 incidit
1766 1457 1932 1500 mens
1975 1434 2232 1501 humana
2274 1438 2423 1501 sieut
2463 1439 2632 1503 navis
2663 1441 2719 1501 in

608 1548 810 1628 syrtes
852 1549 950 1602 aut
992 1540 1050 1599 in
1094 1540 1395 1624 scopulos,
1450 1559 1521 1601 ac
1562 1538 1709 1624 perit
1754 1559 1867 1599 una
1908 1559 2040 1599 cum
2086 1539 2518 1622 gubernatore,
2576 1561 2720 1603 nau-

608 1640 775 1703 clero
803 1649 859 1702 et
886 1641 1117 1712 nautis,
1162 1638 1276 1702 hoc
1304 1648 1420 1712 est,
1474 1649 1633 1702 errat
1663 1638 1721 1698 in
1751 1638 2021 1700 omnibns
2050 1638 2189 1712 illis,
2247 1661 2399 1724 quae
2437 1639 2721 1705 salvatio-

608 1743 707 1804 nis
734 1761 766 1801 a
799 1740 1055 1804 Domino
1083 1749 1248 1804 sunt:
1302 1758 1438 1803 nam
1468 1739 1644 1804 homo
1676 1737 1899 1823 absque
1927 1737 2196 1801 distincta
2226 1738 2355 1802 idea
2389 1740 2459 1803 de
2490 1740 2722 1804 duobus

608 1840 760 1915 illis,
812 1851 898 1904 est
942 1850 1222 1927 tanquam
1267 1840 1324 1901 in
1370 1841 1599 1904 somnio
1640 1847 1700 1901 et
1740 1838 1901 1903 videt
1941 1859 2129 1913 vana,
2185 1849 2244 1901 et
2284 1849 2614 1926 auguratur
2642 1863 2713 1903 ex

608 1941 754 2015 illis,
809 1963 959 2027 quae
990 1943 1176 2004 credit
1201 1941 1386 2006 realia
1414 1961 1572 2015 esse,
1625 1961 1756 2003 cum
1788 1950 1986 2002 tamen
2016 1950 2151 2004 sunt
2187 1940 2445 2011 ludicra;
2498 1950 2601 2005 aut
2629 1952 2717 2004 est

607 2043 764 2105 sicut
791 2044 891 2128 qui
921 2042 1185 2106 ambulat
1212 2043 1271 2105 in
1302 2052 1507 2118 noete,
1560 2050 1618 2103 et
1652 2041 1790 2103 dum
1825 2039 2030 2126 arripit
2072 2039 2312 2105 frondes
2348 2041 2595 2126 alicujus
2623 2064 2718 2106 ar·
2775 2104 2784 2110 .

609 2143 808 2219 boris,
863 2143 1047 2205 eredit
1077 2143 1266 2207 crines
1293 2141 1547 2206 hominis
1589 2161 1744 2215 esse,
1800 2150 1857 2203 et
1897 2140 2121 2204 accedit
2164 2143 2430 2229 propius,
2486 2152 2543 2204 et
2580 2164 2719 2207 suos

609 2243 807 2307 crines
835 2244 916 2306 eis
945 2241 1218 2330 implicat.
1278 2243 1392 2308 Sed
1422 2243 1652 2306 tametsi
1682 2242 2037 2328 Redemptio
2067 2252 2119 2304 et
2153 2228 2356 2306 Passio
2387 2243 2575 2306 erucis
2602 2243 2720 2306 duo

610 2343 882 2409 distincta
925 2351 1093 2420 sunt,
1144 2366 1330 2431 usque
1375 2344 1448 2408 ad
1490 2343 1881 2409 salvationem
1918 2364 2093 2406 unum
2127 2342 2383 2420 faciunt,
2436 2344 2715 2431 quoniam

611 2445 904 2509 Dominus
952 2466 1055 2531 per
1095 2445 1389 2509 [inionem
1435 2467 1565 2508 cum
1612 2463 1721 2507 suo
1766 2445 1974 2520 Patre,
2033 2465 2184 2530 quae
2232 2466 2334 2531 per
2374 2444 2717 2511 Passionem

610 2546 802 2609 crucis
830 2555 1066 2634 peracta
1097 2555 1216 2621 est,
1270 2545 1458 2609 factus
1485 2555 1574 2608 est
1601 2544 1969 2632 Redemptor
1997 2545 2054 2606 in
2084 2554 2412 2609 aeternnm.

773 2650 914 2708 128.
985 2646 1072 2708 De
1118 2644 1687 2722 Gmmmmnomz,
1742 2667 1846 2732 per
1900 2666 2075 2731 quam
2131 2643 2478 2730 intelligitur
2529 2646 2720 2710 unitio

614 2745 816 2808 Divini
849 2745 1110 2810 Humani
1139 2745 1381 2809 Domini
1420 2769 1553 2809 cum
1596 2745 1820 2810 Divino
1857 2737 2085 2820 Patris,
2139 2744 2298 2831 quod
2344 2767 2447 2831 per
2486 2745 2719 2810 Passio·

611 2869 746 2908 nem
780 2847 970 2911 crucis
998 2848 1164 2934 plene
1187 2856 1441 2935 ‚peraeta
1485 2856 1602 2922 est,
1652 2846 1781 2934 lpse
1811 2846 2100 2910 Dominus
2137 2846 2216 2907 ita
2263 2847 2419 2931 apud
2449 2846 2722 2932 Evange-

611 2946 776 3011 listas
821 2946 1107 3033 loquitur,
1165 2948 1499 3040 Postquam
1546 2947 1753 3012 ,Iudas
1797 2949 2011 3020 exivit,
2075 2944 2235 3010 dixit
2285 2945 2507 3023 Jesus‘,
2560 2970 2720 3010 nunc

618 3044 1029 3138 Glorg‘ficatus
1064 3061 1154 3111 est
1189 3048 1391 3112 Filius
1434 3046 1720 3123 hominis,
1771 3062 1826 3112 et
1862 3048 2032 3112 Deus
2074 3044 2479 3138 Glorff‘ficatus
2516 3062 2607 3113 est
2655 3050 2719 3111 in

610 3148 796 3239 Ipso;
849 3153 907 3211 si
933 3147 1100 3212 Deus
1133 3147 1540 3241 Glorf'ficatus
1566 3163 1657 3213 est
1699 3152 1761 3211 in
1798 3149 1973 3241 Ipse,
2026 3151 2202 3211 etiam
2243 3148 2415 3213 Deus
2458 3145 2717 3240 Glorzfi·

609 3249 772 3313 cubit
818 3250 1029 3340 Ipsum
1076 3252 1137 3312 in
1180 3247 1425 3341 SeipsO,
1479 3263 1534 3313 et
1578 3253 1781 3315 statim
1835 3237 2225 3337 Glorificabit
2275 3249 2523 3341 Ipsum,
2573 3247 2715 3313 Joh.

612 3348 793 3414 X111:
841 3352 940 3412 31.
976 3353 1076 3413 32.
1132 3350 1229 3412 hic
1265 3349 1635 3415 Glorilicatio
1684 3351 1898 3414 dicitur
1936 3360 1993 3411 et
2040 3350 2113 3410 de
2154 3349 2285 3413 Deo
2325 3350 2505 3415 Patre
2546 3357 2605 3411 et
2644 3348 2715 3411 de

609 3449 801 3527 Filio,
857 3472 990 3513 nam
1020 3451 1267 3526 dicitur,
1325 3452 1487 3515 Deus
1515 3450 1895 3515 Gloi·ifieatus
1927 3459 2013 3514 est
2058 3451 2116 3512 in
2160 3449 2325 3537 Ipso,
2381 3459 2439 3512 et
2477 3446 2713 3514 Glorifi·

609 3548 769 3612 cabit
798 3549 969 3614 Illum
1000 3551 1059 3613 in
1087 3551 1324 3635 Seipso,
1380 3552 1538 3638 quod
1562 3551 1679 3615 hoc
1704 3553 1780 3616 sit
1804 3552 1990 3626 uniri,
2041 3560 2232 3634 patet:
2293 3551 2511 3626 Pater,
2551 3553 2720 3614 venit

609 3647 799 3727 hora,
847 3649 1137 3741 glorifica
1163 3650 1387 3716 Filium
1426 3665 1628 3723 tuum,
1683 3666 1752 3717 ut
1784 3656 1961 3717 etiam
1997 3650 2200 3715 Filius
2240 3664 2378 3715 tuus
2415 3649 2720 3742 glorificet

608 3751 731 3825 Te,
780 3752 918 3815 Joh.
952 3752 1161 3816 XVII:
1218 3757 1270 3815 1.
1308 3757 1380 3827 5,
1433 3753 1513 3815 ita
1546 3752 1792 3828 dicitur,
1845 3752 1983 3838 quia
2020 3750 2205 3814 unitio
2252 3751 2362 3814 fuit
2393 3753 2716 3839 reciproca,

608 3870 682 3915 ac
721 3861 784 3915 ut
829 3852 1072 3927 dicitur,
1128 3853 1308 3917 Pater
1345 3854 1405 3914 in
1446 3852 1579 3939 Ipso
1620 3862 1680 3915 et
1724 3853 1855 3939 Ipse
1900 3853 1957 3914 in
1998 3851 2196 3914 Patre.
2275 3850 2467 3918 Nunc
2510 3855 2719 3916 anima

610 3974 745 4015 mea
772 3952 1012 4018 turbata
1036 3967 1157 4027 est,
1213 3967 1271 4018 et
1302 3953 1498 4029 dixit,
1562 3953 1773 4028 Pater,
1821 3950 2379 4044 glorg‘fi'ca‘Nomen
2419 3966 2618 4027 tuum,
2663 3963 2720 4014 et

608 4054 763 4117 exiit
801 4078 939 4118 vox
962 4078 996 4118 e
1026 4052 1241 4131 Caele,
1278 4067 1335 4118 et
1369 4052 1764 4138 Glorificavi,
1805 4067 1863 4118 et
1888 4076 2099 4117 rursus
2133 4051 2536 4146 Glorfiwbu,
2578 4049 2717 4114 Joh.

606 4151 762 4217 XII:
814 4159 916 4217 ⁸27.
981 4158 1083 4218 28.
1137 4154 1254 4218 hoc
1306 4154 1527 4218 dietum
1584 4164 1704 4230 est,
1758 4153 1895 4240 quia
1943 4153 2146 4218 Unitio
2191 4152 2518 4218 successive
2563 4152 2718 4216 facta

607 4250 737 4317 fuit.
811 4254 1042 4321 Nonne
1081 4254 1193 4321 hoc
1217 4255 1532 4346 oportebat
1561 4257 1701 4346 pali
1728 4252 2064 4331 Christum,
2114 4266 2171 4318 et
2210 4251 2447 4341 ingredi
2482 4255 2541 4315 in
2585 4248 2719 4339 glo-

609 4356 764 4419 riam
790 4378 984 4435 sunm,
1032 4355 1172 4420 Luc.
1206 4354 1440 4421 XXIV:
1491 4359 1595 4419 ⁶26.
1644 4353 1832 4442 gloria
1859 4353 1919 4417 in
1946 4353 2170 4429 Verbo,
2211 4352 2310 4416 ubi
2341 4352 2412 4414 de
2439 4351 2718 4426 Domino,
