3309 4775
504 314 550 369 1.
595 312 786 364 1113th
830 310 1206 368 CREATOR.
1253 343 1315 352 -—-
1369 311 1736 367 ΟΜΝΙΡΟΤ.
1780 311 2086 370 OMNISC.
2130 310 2441 369 OMNIPR.
2524 323 2586 372 81

507 468 734 536 Homo;
789 474 846 529 et
884 486 1120 551 quoquc
1161 474 1247 529 est
1289 465 1549 553 plenaria
1593 467 2113 554 correspondentia
2158 468 2313 530 inter
2352 463 2593 529 Caelum

505 567 641 630 illud
673 576 731 629 et
773 565 1102 636 hominem;
1157 588 1280 629 non
1327 567 1481 629 enim
1524 567 1700 631 datur
1745 567 1805 629 in
1853 567 2032 632 Caelo
2073 568 2270 654 aliqua
2313 566 2595 643 Societas,

504 690 652 757 quae
681 689 801 730 non
845 667 1262 751 correspondet
1300 666 1473 729 alicui
1513 667 1813 744 membro,
1868 670 2073 733 visceri
2118 678 2220 732 aut
2262 688 2492 755 organo
2533 669 2592 731 in

504 769 770 839 homine;
823 788 1010 853 quare
1038 767 1250 831 dicitur
1275 768 1332 829 in
1360 767 1544 831 Caelo
1563 814 1579 842 ,
1634 769 1790 854 quod
1820 770 1966 833 liaec
1992 770 2255 833 Societas
2282 769 2357 833 sit
2400 767 2495 833 vel
2534 769 2593 832 in

508 870 809 955 provincia
841 869 1123 955 Hepatis,
1171 870 1264 934 vel
1295 868 1673 944 PanereatiS,
1728 871 1819 935 vel
1849 870 2072 945 Lienis,
2129 870 2223 933 vel
2244 867 2594 946 ventriculi,

509 972 603 1035 vel
629 970 837 1045 Oculi,
892 969 987 1032 vel
1014 967 1220 1046 Auris,
1275 969 1369 1033 vel
1405 970 1702 1056 Linguae,
1752 982 1811 1033 et
1852 972 1933 1035 sic
1979 992 2188 1059 porro,
2238 971 2342 1059 ipsi
2387 967 2595 1057 Angeli

506 1075 681 1136 etiam
721 1071 914 1135 sciunt
956 1071 1016 1133 in
1057 1093 1170 1159 qua
1218 1072 1436 1135 ditione
1476 1072 1725 1156 alicujus
1762 1070 1955 1137 Partis
1998 1071 2251 1135 hominis
2297 1068 2594 1135 habitant:

511 1172 666 1259 quod
698 1173 774 1235 ita
816 1172 923 1246 sit,
980 1173 1050 1235 ad
1082 1173 1280 1237 vivum
1328 1170 1465 1234 mihi
1506 1172 1655 1236 scire
1698 1171 1898 1237 datum
1928 1182 2043 1245 est;
2101 1172 2216 1234 vidi
2242 1171 2596 1258 Societatem

511 1296 581 1339 ex
609 1273 829 1358 aliquot
859 1272 1111 1338 millibus
1137 1270 1499 1359 Angelorum
1531 1281 1896 1337 constantem
1940 1282 2002 1336 ut
2046 1294 2221 1337 unum
2256 1271 2593 1346 hominem;

511 1397 580 1438 ex
624 1396 740 1459 quo
784 1373 1002 1459 patuit,
1056 1374 1215 1460 quod
1251 1373 1492 1440 Caelum
1539 1374 1599 1435 in
1640 1375 1945 1462 complexu
1990 1375 2064 1438 sit
2106 1374 2301 1460 imago
2347 1372 2489 1450 Dei,
2537 1383 2595 1437 et

510 1477 700 1560 imago
728 1473 839 1538 Dei
867 1482 952 1537 est
980 1472 1168 1538 forma
1197 1474 1396 1538 Divini
1427 1473 1683 1555 Ordinis.

663 1580 764 1638 66.
817 1574 1128 1640 Sciendum
1159 1585 1275 1647 est,
1324 1575 1482 1662 quod
1512 1576 1740 1651 omnia,
1796 1597 1950 1662 quae
1989 1575 2310 1663 procedunt
2348 1596 2418 1639 ex
2456 1576 2595 1641 Sole

508 1676 716 1740 Mundi
745 1676 1091 1763 spiritualis,
1146 1677 1203 1739 in
1247 1678 1411 1761 cujus
1440 1676 1630 1740 medio
1669 1686 1762 1741 est
1783 1675 2060 1740 Jehovah
2091 1677 2281 1753 Deus,
2335 1676 2597 1742 reserant

507 1776 844 1853 hominem,
900 1786 956 1841 et
998 1778 1153 1865 quod
1184 1778 1316 1841 inde
1354 1798 1757 1864 quaecumque
1806 1780 1863 1840 in
1906 1778 2005 1842 illo
2052 1778 2281 1843 Mundo
2321 1779 2593 1854 existunt,

505 1879 844 1964 conspirent
874 1878 946 1941 ad
975 1876 1224 1968 sormam
1253 1879 1592 1952 humanam,
1625 1889 1683 1942 et
1711 1878 1868 1942 illam
1899 1881 1956 1942 in
1985 1878 2202 1944 intimis
2226 1879 2343 1943 suis
2370 1879 2594 1957 sistant,

503 1981 661 2043 unde
697 1981 893 2043 omnia
942 1980 1204 2065 objecta,
1259 2001 1409 2065 quae
1464 1980 1749 2044 sistuntur
1788 1982 1971 2044 oculis
2015 1981 2127 2055 ibi,
2180 1991 2317 2045 sunt
2359 2002 2598 2067 reprae-

498 2081 795 2144 sentativa
844 2080 1121 2144 hominis:
1191 2089 1474 2169 apparent
1532 2081 1611 2143 ibi
1654 2083 1846 2145 omnis
1884 2081 2114 2168 generis
2156 2081 2480 2157 Animalia,
2536 2089 2596 2144 et

499 2180 655 2244 haec
701 2190 835 2245 sunt
879 2181 1297 2246 Similitudines
1337 2179 1711 2245 affectionum
1753 2185 1969 2246 amoris
2012 2190 2070 2245 et
2112 2181 2247 2245 inde
2287 2183 2595 2268 cogitatio·

497 2305 645 2346 num
694 2282 1071 2367 angelorum3
1126 2283 1347 2369 pariter
1391 2284 1702 2357 arboreta,
1772 2283 1979 2347 floreta
2027 2293 2085 2345 et
2130 2284 2317 2349 vireta
2365 2284 2481 2355 ihi;
2536 2291 2596 2346 et

495 2385 705 2449 datum
734 2394 822 2448 est
860 2387 1040 2463 scire,
1094 2408 1268 2472 quam
1315 2380 1683 2449 affectionem
1729 2383 1938 2465 hoc‘et
1979 2383 2121 2448 illud
2163 2385 2457 2470 objectum
2501 2406 2596 2448 re-

496 2494 870 2576 praesentat:
924 2496 1011 2562 et,
1064 2487 1222 2572 quod
1254 2486 1664 2561 mirabilemt,
1718 2487 1952 2572 quando
1995 2486 2105 2549 illis
2145 2487 2407 2574 aperitur
2437 2487 2595 2550 visus

496 2589 780 2661 intimus,
836 2599 1191 2672 cognoscunt
1232 2609 1393 2652 suam
1425 2587 1739 2672 imaginem
1774 2589 1831 2649 in
1869 2588 2008 2657 illis;
2055 2597 2113 2648 et
2156 2586 2269 2650 boc
2308 2584 2403 2662 fit,
2458 2584 2597 2670 quia

498 2688 699 2752 omnis
723 2687 903 2751 homo
931 2698 1016 2752 est
1042 2712 1180 2753 suus
1207 2710 1372 2752 amor
1399 2697 1455 2752 et
1483 2687 1617 2750 inde
1646 2710 1751 2752 sua
1784 2688 2093 2774 cogitatim
2146 2697 2203 2750 et
2246 2687 2379 2771 quia
2423 2684 2596 2749 affec-

501 2789 698 2853 tiones
741 2796 797 2851 et
838 2789 970 2875 inde
1015 2790 1400 2874 cogitationes
1437 2788 1591 2876 apud
1636 2789 2090 2875 unumquemvis
2128 2788 2421 2850 hominem
2462 2795 2600 2850 sunt

500 2889 708 2954 variae
738 2896 796 2951 et
826 2889 1199 2975 multiplices,
1244 2899 1301 2952 et
1337 2888 1569 2974 aliquae
1598 2890 1829 2953 illarum
1865 2887 2127 2952 referunt
2165 2887 2337 2974 hujus
2375 2888 2598 2952 anima·

497 2991 568 3055 lis
597 2988 1005 3064 affectionem,
1060 3001 1116 3053 et
1146 2990 1372 3077 aliquae
1400 2989 1670 3075 alterius,
1727 2990 1858 3053 ideo
1896 2990 2180 3053 sistuntur
2223 2986 2597 3053 affectionum

470 3076 737 3156 'illorum
771 3092 1054 3179 imagines
1080 3093 1193 3163 ita;
1251 3090 1350 3154 sed
1395 3089 1466 3153 de
1509 3089 1596 3152 his
1635 3089 1801 3177 plura
1846 3089 2200 3154 videbuntur
2231 3089 2290 3151 in
2321 3091 2593 3155 Membro

499 3203 786 3279 sequente
816 3193 886 3255 de
914 3192 1242 3256 Creatione.
1315 3192 1400 3255 Ex
1430 3186 1517 3255 his
1545 3193 1720 3254 etiam
1764 3200 1922 3280 patet
1964 3192 2207 3267 veritas,
2264 3191 2420 3278 quod
2467 3189 2597 3256 finis
2671 3252 2676 3259 .

502 3294 820 3358 creationis
855 3294 1027 3358 suerit
1054 3293 1292 3358 Caelum
1322 3292 1666 3380 Angelicum
1710 3316 1780 3357 ex
1813 3293 2091 3356 Humano
2130 3291 2399 3368 Genere,
2454 3314 2594 3354 con-

499 3405 816 3481 sequenter
857 3395 1092 3470 Homo,
1144 3395 1204 3456 in
1245 3417 1361 3480 quo
1408 3395 1568 3458 Deus
1613 3404 1675 3456 ut
1715 3395 1770 3456 in
1810 3416 1918 3459 suo
1965 3394 2362 3481 Receptaculo
2403 3401 2596 3478 posset

503 3494 804 3559 habitare:
858 3496 992 3561 inde
1021 3507 1106 3560 est
1138 3516 1309 3559 causa
1331 3545 1346 3569 ,
1398 3494 1554 3581 quod
1594 3493 1773 3559 homo
1803 3504 2034 3559 creatus
2072 3495 2146 3559 sit
2171 3494 2359 3559 forma
2392 3495 2593 3558 Divini

502 3595 762 3660 Ordinis.

662 3702 761 3761 67.
818 3696 978 3759 Deus
1002 3708 1140 3760 ante
1175 3697 1549 3762 Creationem
1581 3696 1689 3760 suit
1729 3698 1849 3782 ipse
1877 3692 2064 3760 Amor
2101 3705 2160 3759 et
2200 3696 2322 3782 ipsa
2348 3695 2590 3782 Sapien-

500 3798 618 3872 tia,
663 3808 720 3861 et
747 3797 894 3861 haec
923 3798 1038 3861 duo
1069 3802 1124 3860 in
1154 3812 1369 3862 conatu
1396 3797 1646 3862 faciendi
1678 3820 1841 3872 usus,
1887 3819 2023 3862 narn
2052 3794 2238 3861 Amor
2264 3806 2322 3859 et
2348 3797 2593 3884 Sapien-

499 3899 584 3960 tia
614 3900 833 3984 absque
867 3921 970 3962 usu
997 3909 1132 3963 sunt
1161 3901 1334 3963 modo
1364 3900 1622 3964 volatilia
1653 3899 1928 3974 rationis,
1980 3908 2039 3962 et
2067 3919 2301 3986 quoque
2332 3898 2591 3972 evolant,

498 3998 610 4062 nisi
635 4000 696 4062 in
727 4022 890 4063 usum
919 4021 982 4063 se
1011 4000 1343 4073 conferant;
1399 4011 1535 4065 sunt
1580 4022 1815 4088 quoque
1863 4001 2057 4085 priora
2097 3999 2214 4062 duo
2254 4008 2523 4086 separata
2551 4019 2586 4060 a

497 4103 679 4164 tertio
717 4103 866 4165 sicut
902 4122 1070 4178 aveS‚
1123 4125 1270 4190 quae
1310 4124 1485 4190 super
1526 4123 1740 4189 magno
1782 4101 2023 4165 Oceano
2068 4100 2300 4173 volant,
2354 4107 2413 4159 et
2459 4107 2593 4159 tan-

499 4201 635 4264 dem
679 4202 863 4268 lassae
905 4205 1103 4269 volatu
1147 4204 1454 4279 decidunt,
1510 4212 1566 4271 et
1611 4203 2109 4288 submerguntur:
2162 4200 2296 4262 inde
2340 4205 2589 4270 constat,

2126 4296 2176 4360 1¹·
