<?xml version="1.0" encoding="UTF-8"?>
<!DOCTYPE html PUBLIC "-//W3C//DTD XHTML 1.0 Transitional//EN"
    "http://www.w3.org/TR/xhtml1/DTD/xhtml1-transitional.dtd">
<html xmlns="http://www.w3.org/1999/xhtml" xml:lang="en" lang="en">
 <head>
  <title>
</title>
<meta http-equiv="Content-Type" content="text/html;charset=utf-8" />
  <meta name='ocr-system' content='tesseract 3.04.00' />
  <meta name='ocr-capabilities' content='ocr_page ocr_carea ocr_par ocr_line ocrx_word'/>
</head>
<body>
  <div class='ocr_page' id='page_1' title='image "./verachristianar00tafegoog_0078.png"; bbox 0 0 3309 4775; ppageno 0'>
   <div class='ocr_carea' id='block_1_1' title="bbox 0 0 745 4736">
    <p class='ocr_par' dir='ltr' id='par_1_1' title="bbox 0 0 745 4736">
     <span class='ocr_line' id='line_1_1' title="bbox 0 0 745 4736; baseline 0 0"><span class='ocrx_word' id='word_1_1' title='bbox 0 0 745 4736; x_wconf 95' lang='lat' dir='ltr'> </span> 
     </span>
    </p>
   </div>
   <div class='ocr_carea' id='block_1_2' title="bbox 1081 336 2942 399">
    <p class='ocr_par' dir='ltr' id='par_1_2' title="bbox 1081 336 2942 399">
     <span class='ocr_line' id='line_1_2' title="bbox 1081 336 2942 399; baseline -0.001 0"><span class='ocrx_word' id='word_1_2' title='bbox 1081 353 1147 399; x_wconf 68' lang='grc' dir='ltr'>Π</span> <span class='ocrx_word' id='word_1_3' title='bbox 1327 336 1785 393; x_wconf 70' lang='lat' dir='ltr'><strong>UNIVERSA</strong></span> <span class='ocrx_word' id='word_1_4' title='bbox 1826 338 2356 393; x_wconf 63' lang='lat' dir='ltr'>&#39;rasennam</span> <span class='ocrx_word' id='word_1_5' title='bbox 2398 339 2466 391; x_wconf 69' lang='lat' dir='ltr'>N.</span> <span class='ocrx_word' id='word_1_6' title='bbox 2510 339 2576 395; x_wconf 85' lang='lat' dir='ltr'>C.</span> <span class='ocrx_word' id='word_1_7' title='bbox 2618 340 2725 391; x_wconf 82' lang='grc' dir='ltr'>ΕΤ</span> <span class='ocrx_word' id='word_1_8' title='bbox 2765 340 2833 397; x_wconf 76' lang='grc' dir='ltr'>Ν.</span> <span class='ocrx_word' id='word_1_9' title='bbox 2876 342 2942 397; x_wconf 84' lang='grc' dir='ltr'>Ε.</span> 
     </span>
    </p>
   </div>
   <div class='ocr_carea' id='block_1_3' title="bbox 1069 492 3183 4318">
    <p class='ocr_par' dir='ltr' id='par_1_3' title="bbox 1077 492 3174 660">
     <span class='ocr_line' id='line_1_3' title="bbox 1077 492 3174 581; baseline -0.001 -22"><span class='ocrx_word' id='word_1_10' title='bbox 1077 507 1172 559; x_wconf 80' lang='lat' dir='ltr'>tur</span> <span class='ocrx_word' id='word_1_11' title='bbox 1215 494 1272 556; x_wconf 94' lang='lat' dir='ltr'>in</span> <span class='ocrx_word' id='word_1_12' title='bbox 1317 492 1699 581; x_wconf 86' lang='lat' dir='ltr'>sequentibus</span> <span class='ocrx_word' id='word_1_13' title='bbox 1746 513 1852 579; x_wconf 85' lang='lat' dir='ltr'>per</span> <span class='ocrx_word' id='word_1_14' title='bbox 1901 492 2323 580; x_wconf 73' lang='lat' dir='ltr'>applicationes</span> <span class='ocrx_word' id='word_1_15' title='bbox 2367 494 2442 559; x_wconf 91' lang='lat' dir='ltr'>ad</span> <span class='ocrx_word' id='word_1_16' title='bbox 2486 495 2783 581; x_wconf 83' lang='lat' dir='ltr'>exempla,</span> <span class='ocrx_word' id='word_1_17' title='bbox 2846 516 2995 581; x_wconf 89' lang='lat' dir='ltr'>quae</span> <span class='ocrx_word' id='word_1_18' title='bbox 3042 496 3174 557; x_wconf 85' lang='lat' dir='ltr'>illu-</span> 
     </span>
     <span class='ocr_line' id='line_1_4' title="bbox 1081 596 1366 660; baseline -0.007 -1"><span class='ocrx_word' id='word_1_19' title='bbox 1081 596 1366 660; x_wconf 73' lang='lat' dir='ltr'>strabunt.</span> 
     </span>
    </p>

    <p class='ocr_par' dir='ltr' id='par_1_4' title="bbox 1077 692 3183 2276">
     <span class='ocr_line' id='line_1_5' title="bbox 1235 692 3175 784; baseline 0 -26"><span class='ocrx_word' id='word_1_20' title='bbox 1235 698 1340 759; x_wconf 77' lang='lat'>53.</span> <span class='ocrx_word' id='word_1_21' title='bbox 1397 696 1569 776; x_wconf 88' lang='lat' dir='ltr'>Quod</span> <span class='ocrx_word' id='word_1_22' title='bbox 1610 696 1772 761; x_wconf 86' lang='lat' dir='ltr'>Deus</span> <span class='ocrx_word' id='word_1_23' title='bbox 1809 694 1885 759; x_wconf 89' lang='lat' dir='ltr'>sit</span> <span class='ocrx_word' id='word_1_24' title='bbox 1910 692 2113 770; x_wconf 88' lang='lat' dir='ltr'>Ordo,</span> <span class='ocrx_word' id='word_1_25' title='bbox 2166 705 2253 759; x_wconf 88' lang='lat' dir='ltr'>est</span> <span class='ocrx_word' id='word_1_26' title='bbox 2280 696 2418 784; x_wconf 90' lang='lat' dir='ltr'>quia</span> <span class='ocrx_word' id='word_1_27' title='bbox 2460 706 2548 761; x_wconf 92' lang='lat' dir='ltr'>est</span> <span class='ocrx_word' id='word_1_28' title='bbox 2582 697 2705 782; x_wconf 90' lang='lat' dir='ltr'>ipsa</span> <span class='ocrx_word' id='word_1_29' title='bbox 2731 696 3075 761; x_wconf 71' lang='lat' dir='ltr'>Substantia</span> <span class='ocrx_word' id='word_1_30' title='bbox 3114 707 3175 759; x_wconf 88' lang='lat' dir='ltr'>et</span> 
     </span>
     <span class='ocr_line' id='line_1_6' title="bbox 1081 794 3173 886; baseline 0 -27"><span class='ocrx_word' id='word_1_31' title='bbox 1081 799 1204 883; x_wconf 86' lang='lat' dir='ltr'>ipsa</span> <span class='ocrx_word' id='word_1_32' title='bbox 1233 797 1484 870; x_wconf 78' lang='lat' dir='ltr'>Forina;</span> <span class='ocrx_word' id='word_1_33' title='bbox 1537 796 1914 871; x_wconf 77' lang='lat' dir='ltr'>Substantia,</span> <span class='ocrx_word' id='word_1_34' title='bbox 1966 794 2103 880; x_wconf 90' lang='lat' dir='ltr'>quia</span> <span class='ocrx_word' id='word_1_35' title='bbox 2132 815 2203 859; x_wconf 90' lang='lat' dir='ltr'>ex</span> <span class='ocrx_word' id='word_1_36' title='bbox 2231 796 2366 884; x_wconf 88' lang='lat' dir='ltr'>Ipso</span> <span class='ocrx_word' id='word_1_37' title='bbox 2406 796 2604 862; x_wconf 88' lang='lat' dir='ltr'>omnia</span> <span class='ocrx_word' id='word_1_38' title='bbox 2625 819 2793 886; x_wconf 65' lang='lat' dir='ltr'>quae</span> <span class='ocrx_word' id='word_1_39' title='bbox 2826 797 3173 872; x_wconf 88' lang='lat' dir='ltr'>subsistunt,</span> 
     </span>
     <span class='ocr_line' id='line_1_7' title="bbox 1081 895 3173 986; baseline -0.001 -23"><span class='ocrx_word' id='word_1_40' title='bbox 1081 898 1425 964; x_wconf 76' lang='lat' dir='ltr'>exstiterunt</span> <span class='ocrx_word' id='word_1_41' title='bbox 1459 907 1519 961; x_wconf 89' lang='lat' dir='ltr'>et</span> <span class='ocrx_word' id='word_1_42' title='bbox 1557 899 1842 969; x_wconf 85' lang='lat' dir='ltr'>existunt;</span> <span class='ocrx_word' id='word_1_43' title='bbox 1896 895 2147 974; x_wconf 87' lang='lat' dir='ltr'>Forma,</span> <span class='ocrx_word' id='word_1_44' title='bbox 2199 901 2336 986; x_wconf 90' lang='lat' dir='ltr'>quia</span> <span class='ocrx_word' id='word_1_45' title='bbox 2382 899 2572 963; x_wconf 92' lang='lat' dir='ltr'>omnis</span> <span class='ocrx_word' id='word_1_46' title='bbox 2610 899 2862 985; x_wconf 79' lang='lat' dir='ltr'>qualitas</span> <span class='ocrx_word' id='word_1_47' title='bbox 2898 899 3173 963; x_wconf 87' lang='lat' dir='ltr'>substan·</span> 
     </span>
     <span class='ocr_line' id='line_1_8' title="bbox 1081 998 3176 1087; baseline -0.001 -24"><span class='ocrx_word' id='word_1_48' title='bbox 1081 1003 1328 1076; x_wconf 67' lang='lat' dir='ltr'>Uarum,</span> <span class='ocrx_word' id='word_1_49' title='bbox 1381 998 1458 1064; x_wconf 89' lang='lat' dir='ltr'>ab</span> <span class='ocrx_word' id='word_1_50' title='bbox 1503 999 1639 1087; x_wconf 91' lang='lat' dir='ltr'>Ipso</span> <span class='ocrx_word' id='word_1_51' title='bbox 1680 1007 1883 1062; x_wconf 85' lang='lat' dir='ltr'>exorta</span> <span class='ocrx_word' id='word_1_52' title='bbox 1930 1005 2017 1061; x_wconf 88' lang='lat' dir='ltr'>est</span> <span class='ocrx_word' id='word_1_53' title='bbox 2056 1005 2116 1060; x_wconf 86' lang='lat' dir='ltr'>et</span> <span class='ocrx_word' id='word_1_54' title='bbox 2156 999 2381 1076; x_wconf 86' lang='lat' dir='ltr'>oritur,</span> <span class='ocrx_word' id='word_1_55' title='bbox 2431 1022 2549 1063; x_wconf 90' lang='lat' dir='ltr'>non</span> <span class='ocrx_word' id='word_1_56' title='bbox 2594 1000 2829 1064; x_wconf 80' lang='lat' dir='ltr'>aliunde</span> <span class='ocrx_word' id='word_1_57' title='bbox 2875 1021 3053 1086; x_wconf 89' lang='lat' dir='ltr'>quam</span> <span class='ocrx_word' id='word_1_58' title='bbox 3100 1021 3176 1063; x_wconf 82' lang='lat' dir='ltr'>ex</span> 
     </span>
     <span class='ocr_line' id='line_1_9' title="bbox 1081 1098 3174 1189; baseline -0.001 -26"><span class='ocrx_word' id='word_1_59' title='bbox 1081 1103 1274 1165; x_wconf 72' lang='lat' dir='ltr'>forma</span> <span class='ocrx_word' id='word_1_60' title='bbox 1302 1100 1478 1165; x_wconf 89' lang='lat' dir='ltr'>datur</span> <span class='ocrx_word' id='word_1_61' title='bbox 1505 1100 1774 1187; x_wconf 80' lang='lat' dir='ltr'>qualitas.</span> <span class='ocrx_word' id='word_1_62' title='bbox 1852 1098 2031 1163; x_wconf 92' lang='lat' dir='ltr'>Nunc</span> <span class='ocrx_word' id='word_1_63' title='bbox 2057 1098 2194 1185; x_wconf 86' lang='lat' dir='ltr'>quia</span> <span class='ocrx_word' id='word_1_64' title='bbox 2222 1101 2384 1165; x_wconf 92' lang='lat' dir='ltr'>Deus</span> <span class='ocrx_word' id='word_1_65' title='bbox 2412 1110 2497 1166; x_wconf 87' lang='lat' dir='ltr'>est</span> <span class='ocrx_word' id='word_1_66' title='bbox 2535 1100 2658 1189; x_wconf 91' lang='lat' dir='ltr'>ipsa</span> <span class='ocrx_word' id='word_1_67' title='bbox 2681 1149 2697 1176; x_wconf 89' lang='lat'>,</span> <span class='ocrx_word' id='word_1_68' title='bbox 2745 1104 2915 1165; x_wconf 89' lang='lat' dir='ltr'>unica</span> <span class='ocrx_word' id='word_1_69' title='bbox 2951 1110 3010 1162; x_wconf 91' lang='lat' dir='ltr'>et</span> <span class='ocrx_word' id='word_1_70' title='bbox 3051 1102 3174 1186; x_wconf 89' lang='lat' dir='ltr'>pri-</span> 
     </span>
     <span class='ocr_line' id='line_1_10' title="bbox 1085 1200 3175 1289; baseline -0.002 -22"><span class='ocrx_word' id='word_1_71' title='bbox 1085 1224 1177 1267; x_wconf 88' lang='lat' dir='ltr'>ma</span> <span class='ocrx_word' id='word_1_72' title='bbox 1215 1201 1553 1266; x_wconf 86' lang='lat' dir='ltr'>Substantia</span> <span class='ocrx_word' id='word_1_73' title='bbox 1601 1211 1658 1264; x_wconf 90' lang='lat' dir='ltr'>et</span> <span class='ocrx_word' id='word_1_74' title='bbox 1703 1202 1956 1274; x_wconf 89' lang='lat' dir='ltr'>Forma,</span> <span class='ocrx_word' id='word_1_75' title='bbox 2010 1208 2069 1262; x_wconf 90' lang='lat' dir='ltr'>et</span> <span class='ocrx_word' id='word_1_76' title='bbox 2111 1200 2282 1265; x_wconf 91' lang='lat' dir='ltr'>simul</span> <span class='ocrx_word' id='word_1_77' title='bbox 2323 1202 2442 1289; x_wconf 89' lang='lat' dir='ltr'>ipse</span> <span class='ocrx_word' id='word_1_78' title='bbox 2486 1211 2544 1265; x_wconf 90' lang='lat' dir='ltr'>et</span> <span class='ocrx_word' id='word_1_79' title='bbox 2584 1201 2791 1267; x_wconf 88' lang='lat' dir='ltr'>unicus</span> <span class='ocrx_word' id='word_1_80' title='bbox 2832 1200 3050 1276; x_wconf 83' lang='lat' dir='ltr'>Amor,</span> <span class='ocrx_word' id='word_1_81' title='bbox 3097 1222 3175 1263; x_wconf 89' lang='lat' dir='ltr'>ac</span> 
     </span>
     <span class='ocr_line' id='line_1_11' title="bbox 1081 1300 3180 1392; baseline -0.001 -25"><span class='ocrx_word' id='word_1_82' title='bbox 1081 1307 1205 1391; x_wconf 89' lang='lat' dir='ltr'>ipsa</span> <span class='ocrx_word' id='word_1_83' title='bbox 1245 1312 1304 1366; x_wconf 90' lang='lat' dir='ltr'>et</span> <span class='ocrx_word' id='word_1_84' title='bbox 1344 1304 1517 1366; x_wconf 89' lang='lat' dir='ltr'>unica</span> <span class='ocrx_word' id='word_1_85' title='bbox 1543 1301 1878 1389; x_wconf 85' lang='lat' dir='ltr'>Sapientia,</span> <span class='ocrx_word' id='word_1_86' title='bbox 1931 1308 1990 1363; x_wconf 91' lang='lat' dir='ltr'>et</span> <span class='ocrx_word' id='word_1_87' title='bbox 2023 1300 2160 1387; x_wconf 88' lang='lat' dir='ltr'>quia</span> <span class='ocrx_word' id='word_1_88' title='bbox 2186 1303 2470 1392; x_wconf 85' lang='lat' dir='ltr'>sapientia</span> <span class='ocrx_word' id='word_1_89' title='bbox 2510 1325 2581 1366; x_wconf 84' lang='lat' dir='ltr'>ex</span> <span class='ocrx_word' id='word_1_90' title='bbox 2620 1324 2823 1367; x_wconf 87' lang='lat' dir='ltr'>amore</span> <span class='ocrx_word' id='word_1_91' title='bbox 2865 1301 3008 1367; x_wconf 86' lang='lat' dir='ltr'>facit</span> <span class='ocrx_word' id='word_1_92' title='bbox 3050 1301 3180 1366; x_wconf 82' lang='lat' dir='ltr'>for·</span> 
     </span>
     <span class='ocr_line' id='line_1_12' title="bbox 1081 1401 3173 1488; baseline -0.002 -21"><span class='ocrx_word' id='word_1_93' title='bbox 1081 1425 1273 1479; x_wconf 86' lang='lat' dir='ltr'>mam,</span> <span class='ocrx_word' id='word_1_94' title='bbox 1326 1412 1385 1467; x_wconf 91' lang='lat' dir='ltr'>et</span> <span class='ocrx_word' id='word_1_95' title='bbox 1408 1401 1580 1488; x_wconf 86' lang='lat' dir='ltr'>hujus</span> <span class='ocrx_word' id='word_1_96' title='bbox 1615 1411 1801 1467; x_wconf 89' lang='lat' dir='ltr'>status</span> <span class='ocrx_word' id='word_1_97' title='bbox 1828 1410 1886 1465; x_wconf 92' lang='lat' dir='ltr'>et</span> <span class='ocrx_word' id='word_1_98' title='bbox 1917 1402 2170 1488; x_wconf 88' lang='lat' dir='ltr'>qualitas</span> <span class='ocrx_word' id='word_1_99' title='bbox 2208 1413 2296 1469; x_wconf 89' lang='lat' dir='ltr'>est</span> <span class='ocrx_word' id='word_1_100' title='bbox 2332 1404 2652 1468; x_wconf 86' lang='lat' dir='ltr'>secundum</span> <span class='ocrx_word' id='word_1_101' title='bbox 2693 1404 2959 1468; x_wconf 85' lang='lat' dir='ltr'>ordinem</span> <span class='ocrx_word' id='word_1_102' title='bbox 3005 1403 3173 1475; x_wconf 89' lang='lat' dir='ltr'>inibi,</span> 
     </span>
     <span class='ocr_line' id='line_1_13' title="bbox 1077 1502 3178 1592; baseline -0.003 -21"><span class='ocrx_word' id='word_1_103' title='bbox 1077 1504 1347 1591; x_wconf 70' lang='lat' dir='ltr'>sequitur</span> <span class='ocrx_word' id='word_1_104' title='bbox 1374 1503 1530 1590; x_wconf 91' lang='lat' dir='ltr'>quod</span> <span class='ocrx_word' id='word_1_105' title='bbox 1561 1505 1720 1571; x_wconf 65' lang='lat' dir='ltr'>Deus</span> <span class='ocrx_word' id='word_1_106' title='bbox 1746 1504 1817 1567; x_wconf 92' lang='lat' dir='ltr'>sit</span> <span class='ocrx_word' id='word_1_107' title='bbox 1845 1502 1965 1588; x_wconf 90' lang='lat' dir='ltr'>ipse</span> <span class='ocrx_word' id='word_1_108' title='bbox 1994 1504 2193 1577; x_wconf 83' lang='lat' dir='ltr'>Ordo;</span> <span class='ocrx_word' id='word_1_109' title='bbox 2246 1515 2677 1592; x_wconf 79' lang='lat' dir='ltr'>consequenter</span> <span class='ocrx_word' id='word_1_110' title='bbox 2712 1505 2870 1591; x_wconf 89' lang='lat' dir='ltr'>quod</span> <span class='ocrx_word' id='word_1_111' title='bbox 2898 1505 3063 1568; x_wconf 88' lang='lat' dir='ltr'>Deus</span> <span class='ocrx_word' id='word_1_112' title='bbox 3099 1522 3178 1565; x_wconf 86' lang='lat' dir='ltr'>ex</span> 
     </span>
     <span class='ocr_line' id='line_1_14' title="bbox 1081 1604 3181 1692; baseline -0.001 -23"><span class='ocrx_word' id='word_1_113' title='bbox 1081 1607 1155 1669; x_wconf 82' lang='lat' dir='ltr'>Se</span> <span class='ocrx_word' id='word_1_114' title='bbox 1183 1606 1573 1670; x_wconf 81' lang='lat' dir='ltr'>introduxerit</span> <span class='ocrx_word' id='word_1_115' title='bbox 1600 1604 1885 1670; x_wconf 82' lang='lat' dir='ltr'>Ordinem</span> <span class='ocrx_word' id='word_1_116' title='bbox 1917 1612 2035 1666; x_wconf 93' lang='lat' dir='ltr'>tam</span> <span class='ocrx_word' id='word_1_117' title='bbox 2064 1606 2121 1667; x_wconf 88' lang='lat' dir='ltr'>in</span> <span class='ocrx_word' id='word_1_118' title='bbox 2152 1607 2538 1681; x_wconf 84' lang='lat' dir='ltr'>Universum,</span> <span class='ocrx_word' id='word_1_119' title='bbox 2593 1627 2770 1692; x_wconf 90' lang='lat' dir='ltr'>quam</span> <span class='ocrx_word' id='word_1_120' title='bbox 2798 1606 2858 1667; x_wconf 92' lang='lat' dir='ltr'>in</span> <span class='ocrx_word' id='word_1_121' title='bbox 2887 1605 3084 1669; x_wconf 90' lang='lat' dir='ltr'>omnia</span> <span class='ocrx_word' id='word_1_122' title='bbox 3116 1614 3181 1667; x_wconf 88' lang='lat' dir='ltr'>et</span> 
     </span>
     <span class='ocr_line' id='line_1_15' title="bbox 1077 1706 3176 1795; baseline -0.001 -24"><span class='ocrx_word' id='word_1_123' title='bbox 1077 1707 1308 1793; x_wconf 71' lang='lat' dir='ltr'>singula</span> <span class='ocrx_word' id='word_1_124' title='bbox 1351 1707 1504 1790; x_wconf 78' lang='lat' dir='ltr'>ejus;</span> <span class='ocrx_word' id='word_1_125' title='bbox 1571 1716 1631 1770; x_wconf 91' lang='lat' dir='ltr'>et</span> <span class='ocrx_word' id='word_1_126' title='bbox 1676 1706 1831 1792; x_wconf 90' lang='lat' dir='ltr'>quod</span> <span class='ocrx_word' id='word_1_127' title='bbox 1879 1706 2267 1772; x_wconf 85' lang='lat' dir='ltr'>introduxerit</span> <span class='ocrx_word' id='word_1_128' title='bbox 2319 1706 2605 1771; x_wconf 88' lang='lat' dir='ltr'>Ordinem</span> <span class='ocrx_word' id='word_1_129' title='bbox 2661 1706 3176 1795; x_wconf 83' lang='lat' dir='ltr'>perfectissimum,</span> 
     </span>
     <span class='ocr_line' id='line_1_16' title="bbox 1081 1806 3176 1895; baseline -0 -23"><span class='ocrx_word' id='word_1_130' title='bbox 1081 1811 1215 1895; x_wconf 82' lang='lat' dir='ltr'>quia</span> <span class='ocrx_word' id='word_1_131' title='bbox 1243 1817 1453 1873; x_wconf 88' lang='lat' dir='ltr'>cuncta</span> <span class='ocrx_word' id='word_1_132' title='bbox 1483 1830 1636 1895; x_wconf 88' lang='lat' dir='ltr'>quae</span> <span class='ocrx_word' id='word_1_133' title='bbox 1670 1806 1894 1870; x_wconf 90' lang='lat' dir='ltr'>creavit</span> <span class='ocrx_word' id='word_1_134' title='bbox 1922 1807 2075 1869; x_wconf 91' lang='lat' dir='ltr'>bona</span> <span class='ocrx_word' id='word_1_135' title='bbox 2106 1809 2377 1883; x_wconf 82' lang='lat' dir='ltr'>fuerunt,</span> <span class='ocrx_word' id='word_1_136' title='bbox 2434 1818 2495 1871; x_wconf 92' lang='lat' dir='ltr'>ut</span> <span class='ocrx_word' id='word_1_137' title='bbox 2531 1808 2588 1872; x_wconf 92' lang='lat' dir='ltr'>in</span> <span class='ocrx_word' id='word_1_138' title='bbox 2631 1809 2811 1873; x_wconf 89' lang='lat' dir='ltr'>Libro</span> <span class='ocrx_word' id='word_1_139' title='bbox 2852 1808 3176 1871; x_wconf 84' lang='lat' dir='ltr'>creationis</span> 
     </span>
     <span class='ocr_line' id='line_1_17' title="bbox 1077 1908 3183 1998; baseline -0.002 -23"><span class='ocrx_word' id='word_1_140' title='bbox 1077 1910 1325 1996; x_wconf 82' lang='lat' dir='ltr'>legitur:</span> <span class='ocrx_word' id='word_1_141' title='bbox 1383 1911 1538 1995; x_wconf 88' lang='lat' dir='ltr'>quod</span> <span class='ocrx_word' id='word_1_142' title='bbox 1569 1908 1725 1973; x_wconf 89' lang='lat' dir='ltr'>mala</span> <span class='ocrx_word' id='word_1_143' title='bbox 1756 1929 1871 1972; x_wconf 89' lang='lat' dir='ltr'>una</span> <span class='ocrx_word' id='word_1_144' title='bbox 1900 1929 2031 1970; x_wconf 91' lang='lat' dir='ltr'>cum</span> <span class='ocrx_word' id='word_1_145' title='bbox 2063 1908 2337 1986; x_wconf 82' lang='lat' dir='ltr'>lnferno,</span> <span class='ocrx_word' id='word_1_146' title='bbox 2383 1911 2464 1973; x_wconf 85' lang='lat' dir='ltr'>ita</span> <span class='ocrx_word' id='word_1_147' title='bbox 2507 1920 2632 1998; x_wconf 89' lang='lat' dir='ltr'>post</span> <span class='ocrx_word' id='word_1_148' title='bbox 2674 1909 3033 1973; x_wconf 89' lang='lat' dir='ltr'>creationem</span> <span class='ocrx_word' id='word_1_149' title='bbox 3074 1930 3183 1971; x_wconf 86' lang='lat' dir='ltr'>ex-</span> 
     </span>
     <span class='ocr_line' id='line_1_18' title="bbox 1081 2009 3179 2096; baseline -0.002 -21"><span class='ocrx_word' id='word_1_150' title='bbox 1081 2011 1364 2084; x_wconf 73' lang='lat' dir='ltr'>stiterint,</span> <span class='ocrx_word' id='word_1_151' title='bbox 1417 2032 1523 2073; x_wconf 86' lang='lat' dir='ltr'>suo</span> <span class='ocrx_word' id='word_1_152' title='bbox 1572 2010 1707 2075; x_wconf 90' lang='lat' dir='ltr'>loco</span> <span class='ocrx_word' id='word_1_153' title='bbox 1749 2009 2266 2075; x_wconf 83' lang='lat' dir='ltr'>demonstrabitur.</span> <span class='ocrx_word' id='word_1_154' title='bbox 2362 2010 2478 2074; x_wconf 90' lang='lat' dir='ltr'>Sed</span> <span class='ocrx_word' id='word_1_155' title='bbox 2523 2012 2596 2075; x_wconf 90' lang='lat' dir='ltr'>ad</span> <span class='ocrx_word' id='word_1_156' title='bbox 2643 2010 2817 2087; x_wconf 91' lang='lat' dir='ltr'>talia,</span> <span class='ocrx_word' id='word_1_157' title='bbox 2870 2032 3022 2096; x_wconf 88' lang='lat' dir='ltr'>quae</span> <span class='ocrx_word' id='word_1_158' title='bbox 3072 2009 3179 2072; x_wconf 91' lang='lat' dir='ltr'>ln-</span> 
     </span>
     <span class='ocr_line' id='line_1_19' title="bbox 1081 2110 3177 2198; baseline 0.002 -27"><span class='ocrx_word' id='word_1_159' title='bbox 1081 2111 1375 2175; x_wconf 78' lang='lat' dir='ltr'>tellectum</span> <span class='ocrx_word' id='word_1_160' title='bbox 1421 2111 1662 2198; x_wconf 82' lang='lat' dir='ltr'>propius</span> <span class='ocrx_word' id='word_1_161' title='bbox 1713 2110 1969 2184; x_wconf 89' lang='lat' dir='ltr'>intrant,</span> <span class='ocrx_word' id='word_1_162' title='bbox 2038 2112 2250 2176; x_wconf 85' lang='lat' dir='ltr'>clarius</span> <span class='ocrx_word' id='word_1_163' title='bbox 2300 2112 2628 2188; x_wconf 89' lang='lat' dir='ltr'>illustrant,</span> <span class='ocrx_word' id='word_1_164' title='bbox 2699 2122 2758 2175; x_wconf 89' lang='lat' dir='ltr'>et</span> <span class='ocrx_word' id='word_1_165' title='bbox 2808 2111 3004 2176; x_wconf 89' lang='lat' dir='ltr'>mitius</span> <span class='ocrx_word' id='word_1_166' title='bbox 3051 2112 3177 2175; x_wconf 59' lang='lat' dir='ltr'>affiv</span> 
     </span>
     <span class='ocr_line' id='line_1_20' title="bbox 1081 2215 1260 2276; baseline -0.006 -1"><span class='ocrx_word' id='word_1_167' title='bbox 1081 2215 1260 2276; x_wconf 75' lang='lat' dir='ltr'>ciunt.</span> 
     </span>
    </p>

    <p class='ocr_par' dir='ltr' id='par_1_5' title="bbox 1069 2311 3176 4318">
     <span class='ocr_line' id='line_1_21' title="bbox 1235 2311 3166 2403; baseline 0.001 -29"><span class='ocrx_word' id='word_1_168' title='bbox 1235 2317 1335 2375; x_wconf 71' lang='lat'>54.</span> <span class='ocrx_word' id='word_1_169' title='bbox 1390 2311 1599 2392; x_wconf 81' lang='lat' dir='ltr'>Qualis</span> <span class='ocrx_word' id='word_1_170' title='bbox 1627 2320 1822 2377; x_wconf 88' lang='lat' dir='ltr'>autem</span> <span class='ocrx_word' id='word_1_171' title='bbox 1852 2312 2019 2378; x_wconf 87' lang='lat' dir='ltr'>Ordo</span> <span class='ocrx_word' id='word_1_172' title='bbox 2044 2323 2132 2379; x_wconf 88' lang='lat' dir='ltr'>est</span> <span class='ocrx_word' id='word_1_173' title='bbox 2152 2359 2170 2389; x_wconf 92' lang='lat'>,</span> <span class='ocrx_word' id='word_1_174' title='bbox 2207 2313 2267 2376; x_wconf 92' lang='lat' dir='ltr'>in</span> <span class='ocrx_word' id='word_1_175' title='bbox 2294 2336 2468 2403; x_wconf 87' lang='lat' dir='ltr'>quem</span> <span class='ocrx_word' id='word_1_176' title='bbox 2500 2314 2855 2379; x_wconf 87' lang='lat' dir='ltr'>Universum</span> <span class='ocrx_word' id='word_1_177' title='bbox 2884 2323 2970 2378; x_wconf 92' lang='lat' dir='ltr'>est</span> <span class='ocrx_word' id='word_1_178' title='bbox 2997 2334 3166 2377; x_wconf 89' lang='lat' dir='ltr'>crea-</span> 
     </span>
     <span class='ocr_line' id='line_1_22' title="bbox 1081 2416 3169 2504; baseline -0.001 -24"><span class='ocrx_word' id='word_1_179' title='bbox 1081 2424 1236 2491; x_wconf 78' lang='lat' dir='ltr'>tum,</span> <span class='ocrx_word' id='word_1_180' title='bbox 1304 2436 1422 2484; x_wconf 78' lang='lat' dir='ltr'>non</span> <span class='ocrx_word' id='word_1_181' title='bbox 1476 2424 1668 2502; x_wconf 91' lang='lat' dir='ltr'>potest</span> <span class='ocrx_word' id='word_1_182' title='bbox 1721 2416 1827 2480; x_wconf 88' lang='lat' dir='ltr'>nisi</span> <span class='ocrx_word' id='word_1_183' title='bbox 1873 2437 2049 2500; x_wconf 90' lang='lat' dir='ltr'>quam</span> <span class='ocrx_word' id='word_1_184' title='bbox 2097 2437 2201 2502; x_wconf 85' lang='lat' dir='ltr'>per</span> <span class='ocrx_word' id='word_1_185' title='bbox 2254 2417 2448 2500; x_wconf 88' lang='lat' dir='ltr'>plures</span> <span class='ocrx_word' id='word_1_186' title='bbox 2494 2417 2868 2481; x_wconf 88' lang='lat' dir='ltr'>membranas</span> <span class='ocrx_word' id='word_1_187' title='bbox 2925 2417 3169 2504; x_wconf 85' lang='lat' dir='ltr'>exponi;</span> 
     </span>
     <span class='ocr_line' id='line_1_23' title="bbox 1077 2516 3167 2604; baseline 0 -24"><span class='ocrx_word' id='word_1_188' title='bbox 1077 2516 1366 2604; x_wconf 82' lang='lat' dir='ltr'>quaedam</span> <span class='ocrx_word' id='word_1_189' title='bbox 1405 2516 1775 2602; x_wconf 80' lang='lat' dir='ltr'>sciagrapbia</span> <span class='ocrx_word' id='word_1_190' title='bbox 1814 2517 1941 2601; x_wconf 87' lang='lat' dir='ltr'>ejus</span> <span class='ocrx_word' id='word_1_191' title='bbox 1977 2518 2036 2580; x_wconf 93' lang='lat' dir='ltr'>in</span> <span class='ocrx_word' id='word_1_192' title='bbox 2074 2528 2357 2604; x_wconf 90' lang='lat' dir='ltr'>sequente</span> <span class='ocrx_word' id='word_1_193' title='bbox 2385 2517 2691 2583; x_wconf 89' lang='lat' dir='ltr'>Lemmate</span> <span class='ocrx_word' id='word_1_194' title='bbox 2736 2517 2807 2581; x_wconf 84' lang='lat' dir='ltr'>de</span> <span class='ocrx_word' id='word_1_195' title='bbox 2848 2516 3167 2595; x_wconf 86' lang='lat' dir='ltr'>Creatione</span> 
     </span>
     <span class='ocr_line' id='line_1_24' title="bbox 1081 2617 3170 2705; baseline 0 -25"><span class='ocrx_word' id='word_1_196' title='bbox 1081 2617 1466 2682; x_wconf 74' lang='lat' dir='ltr'>exhibebitur.</span> <span class='ocrx_word' id='word_1_197' title='bbox 1537 2617 1887 2682; x_wconf 89' lang='lat' dir='ltr'>Tenendum</span> <span class='ocrx_word' id='word_1_198' title='bbox 1921 2629 2042 2695; x_wconf 90' lang='lat' dir='ltr'>est,</span> <span class='ocrx_word' id='word_1_199' title='bbox 2093 2618 2250 2705; x_wconf 90' lang='lat' dir='ltr'>quod</span> <span class='ocrx_word' id='word_1_200' title='bbox 2291 2618 2349 2681; x_wconf 94' lang='lat' dir='ltr'>in</span> <span class='ocrx_word' id='word_1_201' title='bbox 2379 2618 2671 2684; x_wconf 88' lang='lat' dir='ltr'>Universo</span> <span class='ocrx_word' id='word_1_202' title='bbox 2711 2618 2906 2683; x_wconf 90' lang='lat' dir='ltr'>omnia</span> <span class='ocrx_word' id='word_1_203' title='bbox 2952 2627 3012 2681; x_wconf 92' lang='lat' dir='ltr'>et</span> <span class='ocrx_word' id='word_1_204' title='bbox 3052 2618 3170 2683; x_wconf 90' lang='lat' dir='ltr'>sin-</span> 
     </span>
     <span class='ocr_line' id='line_1_25' title="bbox 1085 2718 3170 2807; baseline -0.001 -24"><span class='ocrx_word' id='word_1_205' title='bbox 1085 2719 1251 2804; x_wconf 66' lang='lat' dir='ltr'>gula,</span> <span class='ocrx_word' id='word_1_206' title='bbox 1304 2727 1368 2782; x_wconf 91' lang='lat' dir='ltr'>ut</span> <span class='ocrx_word' id='word_1_207' title='bbox 1425 2741 1530 2807; x_wconf 88' lang='lat' dir='ltr'>per</span> <span class='ocrx_word' id='word_1_208' title='bbox 1574 2741 1634 2782; x_wconf 91' lang='lat' dir='ltr'>se</span> <span class='ocrx_word' id='word_1_209' title='bbox 1682 2719 2032 2796; x_wconf 88' lang='lat' dir='ltr'>subsistant,</span> <span class='ocrx_word' id='word_1_210' title='bbox 2096 2719 2153 2782; x_wconf 91' lang='lat' dir='ltr'>in</span> <span class='ocrx_word' id='word_1_211' title='bbox 2200 2740 2338 2784; x_wconf 87' lang='lat' dir='ltr'>suos</span> <span class='ocrx_word' id='word_1_212' title='bbox 2387 2718 2622 2784; x_wconf 88' lang='lat' dir='ltr'>ordines</span> <span class='ocrx_word' id='word_1_213' title='bbox 2665 2728 2863 2783; x_wconf 83' lang='lat' dir='ltr'>creata</span> <span class='ocrx_word' id='word_1_214' title='bbox 2910 2721 3060 2795; x_wconf 89' lang='lat' dir='ltr'>sint,</span> <span class='ocrx_word' id='word_1_215' title='bbox 3112 2729 3170 2780; x_wconf 84' lang='lat' dir='ltr'>et</span> 
     </span>
     <span class='ocr_line' id='line_1_26' title="bbox 1073 2820 3168 2908; baseline -0.001 -24"><span class='ocrx_word' id='word_1_216' title='bbox 1073 2821 1229 2908; x_wconf 81' lang='lat' dir='ltr'>quod</span> <span class='ocrx_word' id='word_1_217' title='bbox 1270 2843 1302 2884; x_wconf 88' lang='lat' dir='ltr'>a</span> <span class='ocrx_word' id='word_1_218' title='bbox 1344 2820 1628 2907; x_wconf 89' lang='lat' dir='ltr'>principio</span> <span class='ocrx_word' id='word_1_219' title='bbox 1671 2821 1783 2897; x_wconf 79' lang='lat' dir='ltr'>ita,</span> <span class='ocrx_word' id='word_1_220' title='bbox 1839 2830 1905 2883; x_wconf 87' lang='lat' dir='ltr'>ut</span> <span class='ocrx_word' id='word_1_221' title='bbox 1947 2841 2079 2885; x_wconf 89' lang='lat' dir='ltr'>cum</span> <span class='ocrx_word' id='word_1_222' title='bbox 2127 2820 2386 2885; x_wconf 88' lang='lat' dir='ltr'>universi</span> <span class='ocrx_word' id='word_1_223' title='bbox 2430 2820 2635 2884; x_wconf 87' lang='lat' dir='ltr'>ordine</span> <span class='ocrx_word' id='word_1_224' title='bbox 2678 2843 2738 2886; x_wconf 91' lang='lat' dir='ltr'>se</span> <span class='ocrx_word' id='word_1_225' title='bbox 2785 2821 3168 2906; x_wconf 82' lang='lat' dir='ltr'>conjungant,</span> 
     </span>
     <span class='ocr_line' id='line_1_27' title="bbox 1077 2920 3171 3009; baseline -0.001 -25"><span class='ocrx_word' id='word_1_226' title='bbox 1077 2930 1317 3008; x_wconf 79' lang='lat' dir='ltr'>propter</span> <span class='ocrx_word' id='word_1_227' title='bbox 1344 2944 1581 2986; x_wconf 86' lang='lat' dir='ltr'>causam</span> <span class='ocrx_word' id='word_1_228' title='bbox 1627 2931 1686 2984; x_wconf 91' lang='lat' dir='ltr'>ut</span> <span class='ocrx_word' id='word_1_229' title='bbox 1726 2922 2052 3009; x_wconf 81' lang='lat' dir='ltr'>singulares</span> <span class='ocrx_word' id='word_1_230' title='bbox 2090 2920 2329 2987; x_wconf 83' lang='lat' dir='ltr'>ordines</span> <span class='ocrx_word' id='word_1_231' title='bbox 2367 2921 2684 2986; x_wconf 84' lang='lat' dir='ltr'>subsistant</span> <span class='ocrx_word' id='word_1_232' title='bbox 2723 2922 2778 2984; x_wconf 91' lang='lat' dir='ltr'>in</span> <span class='ocrx_word' id='word_1_233' title='bbox 2812 2922 3171 2995; x_wconf 86' lang='lat' dir='ltr'>Universali‚</span> 
     </span>
     <span class='ocr_line' id='line_1_28' title="bbox 1073 3021 3169 3109; baseline 0 -25"><span class='ocrx_word' id='word_1_234' title='bbox 1073 3032 1132 3084; x_wconf 80' lang='lat' dir='ltr'>et</span> <span class='ocrx_word' id='word_1_235' title='bbox 1159 3022 1246 3086; x_wconf 91' lang='lat' dir='ltr'>sic</span> <span class='ocrx_word' id='word_1_236' title='bbox 1275 3043 1454 3085; x_wconf 89' lang='lat' dir='ltr'>unum</span> <span class='ocrx_word' id='word_1_237' title='bbox 1484 3021 1733 3086; x_wconf 82' lang='lat' dir='ltr'>faciant:</span> <span class='ocrx_word' id='word_1_238' title='bbox 1774 3023 1874 3086; x_wconf 89' lang='lat' dir='ltr'>sed</span> <span class='ocrx_word' id='word_1_239' title='bbox 1905 3023 1977 3087; x_wconf 90' lang='lat' dir='ltr'>ad</span> <span class='ocrx_word' id='word_1_240' title='bbox 2005 3023 2296 3109; x_wconf 88' lang='lat' dir='ltr'>quaedam</span> <span class='ocrx_word' id='word_1_241' title='bbox 2327 3021 2643 3109; x_wconf 81' lang='lat' dir='ltr'>Exempla;</span> <span class='ocrx_word' id='word_1_242' title='bbox 2677 3023 2878 3088; x_wconf 85' lang='lat' dir='ltr'>Homo</span> <span class='ocrx_word' id='word_1_243' title='bbox 2906 3022 2968 3085; x_wconf 92' lang='lat' dir='ltr'>in</span> <span class='ocrx_word' id='word_1_244' title='bbox 2992 3043 3169 3086; x_wconf 85' lang='lat' dir='ltr'>suum</span> 
     </span>
     <span class='ocr_line' id='line_1_29' title="bbox 1077 3120 3170 3213; baseline 0 -29"><span class='ocrx_word' id='word_1_245' title='bbox 1077 3120 1343 3186; x_wconf 73' lang='lat' dir='ltr'>ordinem</span> <span class='ocrx_word' id='word_1_246' title='bbox 1387 3131 1618 3185; x_wconf 87' lang='lat' dir='ltr'>creatus</span> <span class='ocrx_word' id='word_1_247' title='bbox 1662 3132 1777 3198; x_wconf 89' lang='lat' dir='ltr'>est,</span> <span class='ocrx_word' id='word_1_248' title='bbox 1843 3132 1899 3186; x_wconf 87' lang='lat' dir='ltr'>et</span> <span class='ocrx_word' id='word_1_249' title='bbox 1940 3145 2175 3213; x_wconf 91' lang='lat' dir='ltr'>quoque</span> <span class='ocrx_word' id='word_1_250' title='bbox 2221 3124 2658 3210; x_wconf 86' lang='lat' dir='ltr'>unumquodvis</span> <span class='ocrx_word' id='word_1_251' title='bbox 2702 3123 2827 3208; x_wconf 81' lang='lat' dir='ltr'>ejus</span> <span class='ocrx_word' id='word_1_252' title='bbox 2872 3124 2929 3187; x_wconf 92' lang='lat' dir='ltr'>in</span> <span class='ocrx_word' id='word_1_253' title='bbox 2974 3145 3170 3198; x_wconf 89' lang='lat' dir='ltr'>suum,</span> 
     </span>
     <span class='ocr_line' id='line_1_30' title="bbox 1081 3220 3174 3310; baseline 0.002 -26"><span class='ocrx_word' id='word_1_254' title='bbox 1081 3224 1231 3286; x_wconf 76' lang='lat' dir='ltr'>sicut</span> <span class='ocrx_word' id='word_1_255' title='bbox 1271 3220 1462 3307; x_wconf 88' lang='lat' dir='ltr'>Caput</span> <span class='ocrx_word' id='word_1_256' title='bbox 1487 3222 1545 3283; x_wconf 90' lang='lat' dir='ltr'>in</span> <span class='ocrx_word' id='word_1_257' title='bbox 1573 3244 1774 3298; x_wconf 91' lang='lat' dir='ltr'>suum,</span> <span class='ocrx_word' id='word_1_258' title='bbox 1826 3244 2040 3310; x_wconf 89' lang='lat' dir='ltr'>corpus</span> <span class='ocrx_word' id='word_1_259' title='bbox 2066 3224 2188 3308; x_wconf 85' lang='lat' dir='ltr'>ejus</span> <span class='ocrx_word' id='word_1_260' title='bbox 2216 3225 2273 3286; x_wconf 90' lang='lat' dir='ltr'>in</span> <span class='ocrx_word' id='word_1_261' title='bbox 2300 3245 2502 3300; x_wconf 89' lang='lat' dir='ltr'>suum,</span> <span class='ocrx_word' id='word_1_262' title='bbox 2556 3224 2708 3300; x_wconf 89' lang='lat' dir='ltr'>Cor,</span> <span class='ocrx_word' id='word_1_263' title='bbox 2754 3225 2996 3300; x_wconf 89' lang='lat' dir='ltr'>Pulmo,</span> <span class='ocrx_word' id='word_1_264' title='bbox 3044 3224 3174 3288; x_wconf 87' lang='lat' dir='ltr'>Ile-</span> 
     </span>
     <span class='ocr_line' id='line_1_31' title="bbox 1081 3322 3176 3412; baseline 0.001 -25"><span class='ocrx_word' id='word_1_265' title='bbox 1081 3343 1215 3408; x_wconf 80' lang='lat' dir='ltr'>par,</span> <span class='ocrx_word' id='word_1_266' title='bbox 1277 3322 1603 3396; x_wconf 77' lang='lat' dir='ltr'>PancreaS,</span> <span class='ocrx_word' id='word_1_267' title='bbox 1668 3322 2047 3387; x_wconf 80' lang='lat' dir='ltr'>Ventriculus</span> <span class='ocrx_word' id='word_1_268' title='bbox 2090 3324 2151 3385; x_wconf 90' lang='lat' dir='ltr'>in</span> <span class='ocrx_word' id='word_1_269' title='bbox 2196 3345 2366 3400; x_wconf 91' lang='lat' dir='ltr'>suos,</span> <span class='ocrx_word' id='word_1_270' title='bbox 2414 3347 2591 3392; x_wconf 90' lang='lat' dir='ltr'>omne</span> <span class='ocrx_word' id='word_1_271' title='bbox 2636 3345 2926 3412; x_wconf 81' lang='lat' dir='ltr'>organum</span> <span class='ocrx_word' id='word_1_272' title='bbox 2973 3337 3176 3390; x_wconf 88' lang='lat' dir='ltr'>motus</span> 
     </span>
     <span class='ocr_line' id='line_1_32' title="bbox 1073 3423 3172 3513; baseline 0 -25"><span class='ocrx_word' id='word_1_273' title='bbox 1073 3423 1230 3508; x_wconf 86' lang='lat' dir='ltr'>quod</span> <span class='ocrx_word' id='word_1_274' title='bbox 1263 3431 1508 3488; x_wconf 83' lang='lat' dir='ltr'>vocatur</span> <span class='ocrx_word' id='word_1_275' title='bbox 1537 3423 1840 3488; x_wconf 88' lang='lat' dir='ltr'>Musculus</span> <span class='ocrx_word' id='word_1_276' title='bbox 1865 3424 1922 3485; x_wconf 91' lang='lat' dir='ltr'>in</span> <span class='ocrx_word' id='word_1_277' title='bbox 1950 3444 2151 3500; x_wconf 90' lang='lat' dir='ltr'>suum,</span> <span class='ocrx_word' id='word_1_278' title='bbox 2190 3433 2246 3488; x_wconf 90' lang='lat' dir='ltr'>et</span> <span class='ocrx_word' id='word_1_279' title='bbox 2273 3447 2446 3490; x_wconf 90' lang='lat' dir='ltr'>omne</span> <span class='ocrx_word' id='word_1_280' title='bbox 2473 3428 2783 3513; x_wconf 81' lang='lat' dir='ltr'>Organum</span> <span class='ocrx_word' id='word_1_281' title='bbox 2812 3448 3045 3502; x_wconf 92' lang='lat' dir='ltr'>sensus,</span> <span class='ocrx_word' id='word_1_282' title='bbox 3099 3435 3172 3490; x_wconf 89' lang='lat' dir='ltr'>ut</span> 
     </span>
     <span class='ocr_line' id='line_1_33' title="bbox 1077 3523 3175 3608; baseline 0 -20"><span class='ocrx_word' id='word_1_283' title='bbox 1077 3526 1314 3600; x_wconf 75' lang='lat' dir='ltr'>oculus,</span> <span class='ocrx_word' id='word_1_284' title='bbox 1367 3526 1554 3599; x_wconf 81' lang='lat' dir='ltr'>auris,</span> <span class='ocrx_word' id='word_1_285' title='bbox 1609 3523 1843 3608; x_wconf 69' lang='lat' dir='ltr'>lingua,</span> <span class='ocrx_word' id='word_1_286' title='bbox 1905 3526 1960 3586; x_wconf 89' lang='lat' dir='ltr'>in</span> <span class='ocrx_word' id='word_1_287' title='bbox 2003 3545 2199 3601; x_wconf 91' lang='lat' dir='ltr'>suum,</span> <span class='ocrx_word' id='word_1_288' title='bbox 2253 3526 2369 3590; x_wconf 92' lang='lat' dir='ltr'>imo</span> <span class='ocrx_word' id='word_1_289' title='bbox 2411 3549 2528 3591; x_wconf 93' lang='lat' dir='ltr'>non</span> <span class='ocrx_word' id='word_1_290' title='bbox 2571 3528 2745 3592; x_wconf 89' lang='lat' dir='ltr'>datur</span> <span class='ocrx_word' id='word_1_291' title='bbox 2781 3528 3059 3592; x_wconf 89' lang='lat' dir='ltr'>arteriola</span> <span class='ocrx_word' id='word_1_292' title='bbox 3107 3534 3175 3590; x_wconf 89' lang='lat' dir='ltr'>et</span> 
     </span>
     <span class='ocr_line' id='line_1_34' title="bbox 1073 3624 3175 3711; baseline 0.001 -22"><span class='ocrx_word' id='word_1_293' title='bbox 1073 3624 1288 3689; x_wconf 75' lang='lat' dir='ltr'>fibrina</span> <span class='ocrx_word' id='word_1_294' title='bbox 1329 3626 1442 3702; x_wconf 92' lang='lat' dir='ltr'>ibi,</span> <span class='ocrx_word' id='word_1_295' title='bbox 1494 3646 1646 3711; x_wconf 83' lang='lat' dir='ltr'>quae</span> <span class='ocrx_word' id='word_1_296' title='bbox 1681 3645 1799 3688; x_wconf 92' lang='lat' dir='ltr'>non</span> <span class='ocrx_word' id='word_1_297' title='bbox 1840 3625 1898 3687; x_wconf 94' lang='lat' dir='ltr'>in</span> <span class='ocrx_word' id='word_1_298' title='bbox 1937 3646 2138 3702; x_wconf 89' lang='lat' dir='ltr'>suum,</span> <span class='ocrx_word' id='word_1_299' title='bbox 2190 3636 2247 3690; x_wconf 90' lang='lat' dir='ltr'>et</span> <span class='ocrx_word' id='word_1_300' title='bbox 2287 3636 2483 3692; x_wconf 91' lang='lat' dir='ltr'>tamen</span> <span class='ocrx_word' id='word_1_301' title='bbox 2526 3627 2975 3693; x_wconf 87' lang='lat' dir='ltr'>innumerabilia</span> <span class='ocrx_word' id='word_1_302' title='bbox 3018 3627 3175 3692; x_wconf 87' lang='lat' dir='ltr'>baec</span> 
     </span>
     <span class='ocr_line' id='line_1_35' title="bbox 1073 3726 3173 3815; baseline 0.002 -27"><span class='ocrx_word' id='word_1_303' title='bbox 1073 3748 1134 3788; x_wconf 68' lang='lat' dir='ltr'>se</span> <span class='ocrx_word' id='word_1_304' title='bbox 1164 3726 1527 3813; x_wconf 80' lang='lat' dir='ltr'>conjungunt</span> <span class='ocrx_word' id='word_1_305' title='bbox 1558 3747 1691 3789; x_wconf 90' lang='lat' dir='ltr'>cum</span> <span class='ocrx_word' id='word_1_306' title='bbox 1735 3726 2028 3790; x_wconf 77' lang='lat' dir='ltr'>cmnmuni</span> <span class='ocrx_word' id='word_1_307' title='bbox 2068 3729 2219 3813; x_wconf 84' lang='lat' dir='ltr'>ejus,</span> <span class='ocrx_word' id='word_1_308' title='bbox 2273 3737 2332 3791; x_wconf 91' lang='lat' dir='ltr'>et</span> <span class='ocrx_word' id='word_1_309' title='bbox 2370 3751 2434 3793; x_wconf 91' lang='lat' dir='ltr'>se</span> <span class='ocrx_word' id='word_1_310' title='bbox 2474 3731 2525 3792; x_wconf 90' lang='lat' dir='ltr'>ei</span> <span class='ocrx_word' id='word_1_311' title='bbox 2573 3731 2881 3815; x_wconf 80' lang='lat' dir='ltr'>injungunt</span> <span class='ocrx_word' id='word_1_312' title='bbox 2922 3730 3037 3802; x_wconf 89' lang='lat' dir='ltr'>ita,</span> <span class='ocrx_word' id='word_1_313' title='bbox 3100 3738 3173 3792; x_wconf 87' lang='lat' dir='ltr'>ut</span> 
     </span>
     <span class='ocr_line' id='line_1_36' title="bbox 1069 3826 3173 3918; baseline 0 -26"><span class='ocrx_word' id='word_1_314' title='bbox 1069 3826 1237 3892; x_wconf 71' lang='lat' dir='ltr'>simul</span> <span class='ocrx_word' id='word_1_315' title='bbox 1267 3849 1447 3892; x_wconf 87' lang='lat' dir='ltr'>unum</span> <span class='ocrx_word' id='word_1_316' title='bbox 1476 3826 1731 3891; x_wconf 80' lang='lat' dir='ltr'>faciant:</span> <span class='ocrx_word' id='word_1_317' title='bbox 1780 3827 1963 3891; x_wconf 85' lang='lat' dir='ltr'>simile</span> <span class='ocrx_word' id='word_1_318' title='bbox 1994 3839 2078 3892; x_wconf 88' lang='lat' dir='ltr'>est</span> <span class='ocrx_word' id='word_1_319' title='bbox 2106 3853 2236 3893; x_wconf 83' lang='lat' dir='ltr'>cum</span> <span class='ocrx_word' id='word_1_320' title='bbox 2275 3829 2549 3917; x_wconf 87' lang='lat' dir='ltr'>reliquis,</span> <span class='ocrx_word' id='word_1_321' title='bbox 2605 3853 2855 3918; x_wconf 83' lang='lat' dir='ltr'>quorum</span> <span class='ocrx_word' id='word_1_322' title='bbox 2899 3831 3023 3896; x_wconf 88' lang='lat' dir='ltr'>sola</span> <span class='ocrx_word' id='word_1_323' title='bbox 3071 3852 3173 3893; x_wconf 85' lang='lat' dir='ltr'>re-</span> 
     </span>
     <span class='ocr_line' id='line_1_37' title="bbox 1069 3927 3171 4008; baseline 0.003 -16"><span class='ocrx_word' id='word_1_324' title='bbox 1069 3928 1266 3993; x_wconf 79' lang='lat' dir='ltr'>censio</span> <span class='ocrx_word' id='word_1_325' title='bbox 1312 3929 1385 3992; x_wconf 91' lang='lat' dir='ltr'>ad</span> <span class='ocrx_word' id='word_1_326' title='bbox 1431 3927 1877 3993; x_wconf 87' lang='lat' dir='ltr'>illustrationem</span> <span class='ocrx_word' id='word_1_327' title='bbox 1921 3929 2158 4004; x_wconf 83' lang='lat' dir='ltr'>sufficit;</span> <span class='ocrx_word' id='word_1_328' title='bbox 2214 3930 2406 3998; x_wconf 83' lang='lat' dir='ltr'>omnis</span> <span class='ocrx_word' id='word_1_329' title='bbox 2446 3931 2645 3996; x_wconf 89' lang='lat' dir='ltr'>Bestia</span> <span class='ocrx_word' id='word_1_330' title='bbox 2692 3940 2920 4008; x_wconf 84' lang='lat' dir='ltr'>terrae,</span> <span class='ocrx_word' id='word_1_331' title='bbox 2972 3931 3171 3998; x_wconf 86' lang='lat' dir='ltr'>omnis</span> 
     </span>
     <span class='ocr_line' id='line_1_38' title="bbox 1069 4028 3170 4118; baseline 0.002 -26"><span class='ocrx_word' id='word_1_332' title='bbox 1069 4028 1217 4094; x_wconf 63' lang='lat' dir='ltr'>Avis,</span> <span class='ocrx_word' id='word_1_333' title='bbox 1241 4030 1420 4106; x_wconf 88' lang='lat' dir='ltr'>caeli,</span> <span class='ocrx_word' id='word_1_334' title='bbox 1474 4029 1663 4094; x_wconf 92' lang='lat' dir='ltr'>omnis</span> <span class='ocrx_word' id='word_1_335' title='bbox 1689 4030 1870 4096; x_wconf 87' lang='lat' dir='ltr'>Piscis</span> <span class='ocrx_word' id='word_1_336' title='bbox 1898 4031 2074 4095; x_wconf 90' lang='lat' dir='ltr'>maris</span> <span class='ocrx_word' id='word_1_337' title='bbox 2093 4079 2110 4106; x_wconf 92' lang='lat'>,</span> <span class='ocrx_word' id='word_1_338' title='bbox 2164 4052 2341 4096; x_wconf 88' lang='lat' dir='ltr'>omne</span> <span class='ocrx_word' id='word_1_339' title='bbox 2369 4031 2573 4118; x_wconf 88' lang='lat' dir='ltr'>reptile</span> <span class='ocrx_word' id='word_1_340' title='bbox 2593 4080 2609 4108; x_wconf 93' lang='lat'>,</span> <span class='ocrx_word' id='word_1_341' title='bbox 2662 4033 2780 4096; x_wconf 89' lang='lat' dir='ltr'>imo</span> <span class='ocrx_word' id='word_1_342' title='bbox 2813 4031 3003 4097; x_wconf 87' lang='lat' dir='ltr'>omnis</span> <span class='ocrx_word' id='word_1_343' title='bbox 3031 4054 3170 4097; x_wconf 89' lang='lat' dir='ltr'>ver-</span> 
     </span>
     <span class='ocr_line' id='line_1_39' title="bbox 1073 4131 3170 4219; baseline 0.003 -27"><span class='ocrx_word' id='word_1_344' title='bbox 1073 4131 1182 4194; x_wconf 85' lang='lat' dir='ltr'>mis</span> <span class='ocrx_word' id='word_1_345' title='bbox 1211 4152 1392 4216; x_wconf 87' lang='lat' dir='ltr'>usque</span> <span class='ocrx_word' id='word_1_346' title='bbox 1419 4133 1491 4196; x_wconf 92' lang='lat' dir='ltr'>ad</span> <span class='ocrx_word' id='word_1_347' title='bbox 1520 4131 1801 4210; x_wconf 80' lang='lat' dir='ltr'>blattam,</span> <span class='ocrx_word' id='word_1_348' title='bbox 1846 4134 1907 4195; x_wconf 93' lang='lat' dir='ltr'>in</span> <span class='ocrx_word' id='word_1_349' title='bbox 1948 4153 2115 4196; x_wconf 88' lang='lat' dir='ltr'>suum</span> <span class='ocrx_word' id='word_1_350' title='bbox 2159 4132 2427 4197; x_wconf 89' lang='lat' dir='ltr'>ordinem</span> <span class='ocrx_word' id='word_1_351' title='bbox 2469 4142 2729 4197; x_wconf 89' lang='lat' dir='ltr'>creatum</span> <span class='ocrx_word' id='word_1_352' title='bbox 2772 4142 2889 4208; x_wconf 74' lang='lat' dir='ltr'>est,</span> <span class='ocrx_word' id='word_1_353' title='bbox 2945 4133 3170 4219; x_wconf 78' lang='lat' dir='ltr'>pariter</span> 
     </span>
     <span class='ocr_line' id='line_1_40' title="bbox 1081 4229 3173 4318; baseline 0.002 -26"><span class='ocrx_word' id='word_1_354' title='bbox 1081 4230 1266 4294; x_wconf 73' lang='lat' dir='ltr'>omnis</span> <span class='ocrx_word' id='word_1_355' title='bbox 1310 4232 1521 4308; x_wconf 86' lang='lat' dir='ltr'>arbor,</span> <span class='ocrx_word' id='word_1_356' title='bbox 1585 4254 1760 4297; x_wconf 91' lang='lat' dir='ltr'>omne</span> <span class='ocrx_word' id='word_1_357' title='bbox 1805 4233 2142 4306; x_wconf 85' lang='lat' dir='ltr'>arbustum,</span> <span class='ocrx_word' id='word_1_358' title='bbox 2212 4229 2565 4314; x_wconf 84' lang='lat' dir='ltr'>virgultum,</span> <span class='ocrx_word' id='word_1_359' title='bbox 2634 4243 2689 4296; x_wconf 89' lang='lat' dir='ltr'>et</span> <span class='ocrx_word' id='word_1_360' title='bbox 2744 4233 3049 4318; x_wconf 80' lang='lat' dir='ltr'>legumen,</span> <span class='ocrx_word' id='word_1_361' title='bbox 3106 4235 3173 4297; x_wconf 90' lang='lat' dir='ltr'>in</span> 
     </span>
    </p>
   </div>
  </div>
 </body>
</html>
