3309 4775
713 378 758 432 1.
838 377 1070 432 DEUS
1111 375 1556 435 CREATOR.
1601 409 1669 422 --
1732 379 2211 433 INF1N1TAS
2254 380 2423 435 DEI.
2541 392 2611 440 ἠδ

518 530 637 594 loci
663 541 771 607 est,
802 532 862 594 in
892 532 1274 617 sequentibus
1304 532 1543 597 dabitur
1568 533 1807 619 aliquod
1835 533 1961 615 ejus
1986 532 2240 597 scb‘ema.
2297 533 2414 596 Hic
2440 534 2616 598 modo

519 632 763 696 interest
791 633 941 697 scire
961 682 978 707 ,
1017 623 1177 719 quod
1208 655 1389 696 unum
1417 634 1737 698 formatum
1767 634 1841 697 sit
1866 635 1943 698 ab
1973 634 2181 709 altero,
2211 644 2269 696 et
2296 634 2451 717 quod
2482 635 2615 699 inde

517 731 658 798 facti
684 732 801 798 sint
840 735 1086 820 gradus,
1141 743 1258 798 tres
1296 735 1354 796 in
1384 735 1671 823 spirituali
1700 735 1959 810 Mundo,
2010 744 2067 798 et
2106 744 2225 799 tres
2264 734 2375 799 illis
2417 756 2616 799 corre-

514 834 872 922 spondentes
898 836 955 899 in
989 836 1243 899 naturali
1275 836 1531 910 Mundo,
1573 858 1644 900 ac
1671 836 1913 900 totidem
1951 836 2009 898 in
2037 836 2499 922 quiescentibus,
2544 857 2615 900 ex

517 936 730 1021 quibus
769 935 1000 1001 Globus
1037 946 1387 1022 terraqueus
1425 937 1718 1011 consistit;
1770 937 1871 1001 sed
1914 938 2067 1000 unde
2115 935 2194 998 illi
2238 935 2503 1013 Gradus,
2556 945 2615 1000 et

516 1034 723 1123 quales
749 1046 918 1114 sunt,
971 1039 1030 1102 in
1057 1037 1400 1104 simum-u
1426 1057 1733 1103 Ancum
1773 1058 1856 1102 nu
1883 1038 2121 1103 Drvmo
2146 1036 2379 1102 Aaron:
2408 1058 2483 1102 m·
2507 1038 2615 1103 Dr·

520 1156 677 1201 vrm
701 1137 1079 1213 SAmENrrA,
1127 1137 1547 1203 Amstelodami
1577 1137 1703 1202 An:
1745 1141 1933 1204 1763.
1969 1138 2285 1226 evulgata,
2329 1146 2388 1199 et
2415 1140 2474 1201 in
2505 1138 2618 1204 Co-

523 1236 721 1303 dicillo
743 1238 814 1302 de
837 1238 1228 1305 Communem
1254 1259 1505 1305 Animas
1528 1261 1606 1304 m
1632 1260 1955 1315 coanuS,
1986 1239 2238 1303 Londini
2264 1238 2387 1303 An:
2422 1243 2612 1305 176⁹.

518 1338 710 1413 edito,
766 1338 936 1425 plene
961 1343 1285 1427 expositum
1315 1351 1432 1405 est:
1486 1362 1591 1429 per
1626 1340 1735 1403 hos
1777 1342 1989 1426 gradus
2020 1339 2236 1403 factum
2280 1349 2399 1416 est,
2453 1341 2609 1427 qnod

518 1440 717 1503 omnia
748 1442 1074 1523 posteriora
1102 1441 1216 1504 sint
1245 1441 1614 1530 receptacula
1646 1442 1938 1527 priorum,
1980 1452 2037 1503 et
2069 1440 2215 1503 baec
2240 1438 2433 1504 adbuc
2460 1442 2616 1528 prio-

512 1560 644 1603 rum
665 1586 682 1614 ,
738 1541 905 1604 etsie
933 1542 992 1606 in
1023 1541 1230 1607 ordine
1257 1543 1627 1628 receptacula
1659 1541 2123 1631 primitivorum,
2172 1560 2241 1603 ex
2272 1540 2483 1627 quibus
2510 1542 2612 1607 Sol

513 1639 675 1705 Caeli
702 1638 968 1727 Angelici
999 1643 1294 1716 consistit,
1345 1651 1404 1705 et
1429 1643 1514 1708 sic
1541 1644 1699 1730 quod
1740 1641 1904 1707 finita
1942 1642 2056 1707 sint
2086 1643 2455 1727 receptacula
2488 1642 2615 1707 infi-

507 1740 646 1814 niti;
699 1741 813 1807 boc
841 1766 1075 1831 quoque
1104 1744 1380 1808 coincidit
1408 1766 1541 1808 cum
1573 1744 1854 1808 Veterum
1884 1743 2167 1831 sapientia
2187 1791 2201 1818 ,
2258 1764 2327 1806 ex
2358 1766 2474 1830 qua
2503 1755 2611 1821 est,

510 1843 671 1928 quod
720 1845 919 1910 omnia
965 1855 1024 1909 et
1065 1845 1295 1932 singula
1336 1845 1647 1910 divisibilia
1692 1847 1806 1909 sint
1848 1848 1904 1907 in
1943 1844 2252 1908 infinitum.
2334 1845 2609 1931 vulgaris

508 1943 644 2008 idea
674 1955 793 2020 est,
848 1949 1005 2031 quod
1029 1994 1045 2021 ,
1099 1950 1233 2034 quia
1265 1945 1490 2011 finitum
1521 1969 1639 2011 non
1668 1956 1755 2011 est
1786 1968 1967 2033 capax
1995 1944 2235 2020 infiniti,
2288 1943 2449 2010 finita
2485 1968 2604 2010 non

513 2045 735 2132 possint
766 2047 1139 2132 receptacula
1166 2045 1376 2112 infiniti
1407 2070 1561 2122 esse;
1613 2049 1714 2112 sed
1749 2070 1818 2112 ex
1849 2047 1989 2121 illis,
2031 2067 2182 2133 quae
2209 2047 2266 2109 in
2295 2045 2610 2113 Oramus

512 2165 667 2211 mals
693 2149 765 2210 de
789 2148 1098 2213 Creatione
1128 2150 1343 2216 tradita
1372 2159 1506 2214 sunt
1525 2197 1542 2225 ,
1574 2158 1837 2224 constat,
1876 2149 2033 2234 quod
2062 2148 2225 2213 Deus
2252 2146 2608 2212 Infinitatem

510 2268 680 2311 suam
709 2249 957 2337 primum
986 2242 1243 2317 finiverit
1275 2273 1378 2337 per
1413 2249 1772 2315 substantias
1798 2270 1869 2313 ex
1902 2250 2038 2335 lpso
2065 2249 2331 2326 emissaS,
2382 2270 2453 2313 ex
2480 2251 2609 2337 qui-

510 2348 621 2417 bus
648 2350 948 2438 proximus
975 2353 1104 2439 ejus
1130 2351 1418 2429 ambitus,
1474 2352 1571 2439 qui
1618 2351 1754 2415 facit
1793 2350 1991 2415 Solem
2026 2349 2233 2416 Mundi
2272 2350 2609 2437 spiritualis,

508 2450 757 2525 exstitit;
804 2463 862 2516 et
890 2452 1286 2541 quod'deinde
1317 2476 1417 2539 per
1446 2454 1605 2519 illum
1635 2453 1831 2517 Solem
1861 2453 2116 2539 reliquos
2143 2453 2398 2515 ambitus
2428 2475 2609 2538 usqne

505 2552 581 2614 ad
609 2550 899 2629 ultimum,
943 2556 1142 2640 quiex
1173 2556 1608 2639 quiescentibus
1646 2555 1928 2628 consistit,
1975 2552 2307 2638 perfecerit,
2348 2564 2405 2616 et
2450 2554 2607 2638 quod

506 2654 593 2716 sic
619 2653 909 2718 Mundum
940 2677 1043 2742 per
1084 2658 1301 2741 gradus
1332 2658 1458 2741 plus
1485 2666 1542 2719 et
1573 2655 1700 2741 plus
1727 2644 2015 2719 finiverit:
2069 2654 2217 2717 haec
2258 2653 2431 2717 allata
2474 2664 2607 2718 sunt

509 2762 752 2841 propter
780 2754 975 2831 finem,
1019 2766 1081 2820 ut
1109 2758 1324 2820 rationi
1350 2756 1677 2832 humanae,
1718 2777 1871 2844 quae
1899 2755 2007 2819 nisi
2043 2755 2198 2818 videt
2228 2775 2460 2818 causam
2489 2775 2606 2818 non

503 2855 781 2940 quiescit,
834 2856 1094 2921 satisfiat.

665 2959 766 3020 34.
825 2958 1000 3037 Quod
1042 2957 1342 3022 Infinitum
1377 2958 1662 3022 Divinum
1696 2958 1770 3022 sit
1810 2958 1867 3019 in
1909 2955 2247 3019 hominibus
2288 2964 2350 3016 ut
2392 2956 2448 3016 in
2488 2956 2608 3019 suis

504 3058 893 3143 imaginibus,
948 3069 1176 3124 constat
1205 3081 1274 3123 ex
1304 3059 1536 3135 Verbo,
1591 3059 1691 3122 ubi
1721 3059 1936 3143 legitur
1960 3055 2075 3119 boc
2102 3055 2419 3132 „Tandem
2446 3056 2607 3123 dixit

505 3157 705 3231 Deus,
737 3156 1060 3247 faciamus
1090 3159 1382 3225 hominem
1417 3164 1476 3224 in
1505 3161 1783 3249 Imagine
1809 3172 2051 3231 nostra,
2088 3156 2414 3222 secundum
2442 3163 2603 3221 simi-

506 3258 820 3325 litudinem
849 3277 1118 3326 nostram
1132 3291 1151 3337 ,·
1204 3266 1421 3327 creavit
1450 3265 1650 3353 itaque
1668 3261 1839 3326 Deus
1865 3258 2155 3324 hominem
2184 3261 2246 3322 in
2273 3259 2603 3349 Imaginem

501 3385 708 3431 sumn,
763 3367 826 3426 in
865 3365 1181 3453 imaginem
1208 3362 1331 3428 Dei
1369 3366 1588 3428 creavit
1630 3360 1860 3435 illum‚“
1913 3360 2060 3424 Gen.
2112 3360 2169 3422 l:
2228 3364 2331 3423 26.
2377 3365 2479 3424 27.
2535 3384 2605 3424 ex

503 3461 719 3548 quibus
772 3467 1073 3549 sequitur,
1122 3467 1280 3550 quod
1324 3464 1504 3528 homo
1548 3466 1621 3528 sit
1667 3462 1973 3548 Organum
2020 3461 2303 3548 recipiens
2349 3464 2493 3537 Dei,
2548 3474 2604 3525 et

503 3565 664 3650 quod
690 3564 762 3628 sit
794 3563 1103 3650 Organum
1135 3566 1455 3630 secundum
1487 3564 1658 3650 quale
1691 3546 2060 3651 receptionis,
2129 3562 2299 3627 Mens
2324 3562 2603 3638 bumana,

502 3686 574 3727 ex
602 3686 718 3750 qua
749 3674 807 3728 et
848 3665 1171 3730 secundum
1215 3688 1390 3752 quam
1424 3666 1606 3729 homo
1649 3676 1733 3728 est
1779 3666 1988 3739 homo,
2043 3665 2099 3726 in
2147 3674 2266 3727 tres
2306 3666 2604 3750 Regiones

499 3767 828 3830 secundum
859 3777 976 3831 tres
1002 3767 1220 3852 gradus
1245 3766 1500 3832 formata
1527 3777 1645 3840 est,
1699 3767 1759 3829 in
1787 3767 1988 3833 Primo
2019 3767 2204 3851 gradu
2235 3777 2318 3827 est
2350 3766 2443 3829 nlla
2474 3787 2602 3827 cae-

501 3865 696 3940 lestis,
747 3868 804 3929 in
849 3890 967 3952 quo
1008 3870 1186 3932 etiam
1230 3879 1367 3932 sunt
1413 3866 1626 3954 Angeli
1675 3868 1931 3955 supremi
1979 3866 2172 3937 Caeli;
2230 3867 2285 3928 in
2329 3867 2602 3930 Secundo

497 3965 691 4052 gradu
719 3976 807 4032 est
840 3968 937 4032 illa
964 3968 1314 4058 spiritualis,
1358 3971 1563 4060 inquo
1593 3970 1768 4033 etiam
1798 3977 1931 4033 sunt
1960 3962 2171 4052 Angeli
2204 3967 2379 4031 medii
2408 3966 2601 4038 Caeli,

495 4075 558 4130 et
584 4068 645 4130 in
674 4067 884 4134 Tertio
914 4069 1099 4156 gradu
1126 4080 1214 4134 est
1240 4070 1342 4134 illa
1370 4070 1693 4146 naturalis,
1746 4069 1807 4131 in
1850 4091 1970 4155 quo
2015 4068 2189 4132 etiam
2230 4077 2366 4133 sunt
2393 4064 2604 4153 Angeli

490 4168 684 4234 ultimi
712 4169 904 4244 Caeli;
957 4171 1128 4237 Mens
1167 4170 1428 4236 bumana
1452 4170 1776 4237 secundum
1806 4179 1926 4235 tres
1951 4169 2082 4234 illos
2109 4169 2326 4256 gradus
2367 4167 2603 4253 organi-

491 4281 658 4348 zata,
711 4282 800 4338 est
846 4273 1285 4360 receptaculum
1338 4273 1541 4341 Divini
1592 4271 1872 4347 influxus,
1933 4271 2033 4335 scd
2090 4292 2269 4353 usque
2317 4268 2597 4331 Divinum
