3309 4775
641 405 777 471 190,
864 392 1330 447 UNIVERSA
1378 390 1917 444 THEOLOGIA
1973 392 2040 446 N.
2086 390 2147 442 C.
2193 390 2299 440 ΕΤ
2340 391 2406 443 N.
2451 391 2516 441 E.

633 545 887 611 Divinae
932 545 1363 630 inspirationis:
1417 543 1735 628 Inspiratio
1765 551 1960 606 autem
1999 553 2085 607 est
2124 543 2365 606 insertio
2402 543 2461 605 in
2488 544 2741 606 societa-

634 658 721 710 tes
764 646 1073 730 angelicas.
1154 644 1243 706 Ex
1283 643 1373 708 his
1411 645 1486 707 ab
1529 643 1828 707 intellectu
1857 641 2278 730 comprehendi
2310 651 2500 730 potest
2529 642 2647 706 boc
2673 642 2743 706 de

635 744 1034 832 Conceptione
1101 744 1340 807 Domini
1394 746 1471 808 ab
1524 740 1754 827 Angelo
1808 741 2086 807 Gabriele
2149 744 2410 818 dictum,
2482 740 2742 834 Spiritus

632 843 892 911 Sanctus
932 847 1132 910 veniet
1170 868 1355 936 super
1391 857 1478 920 te,
1531 858 1589 907 et
1637 844 1861 910 Virtus
1901 841 2213 908 Altissimi
2248 843 2626 908 obumbrabit
2671 856 2741 919 te,

639 946 800 1011 unde
844 945 1010 1037 quod
1059 948 1330 1009 nascitur
1367 967 1451 1009 ex
1503 958 1559 1008 te
1607 940 1930 1018 Sanctum,
1980 945 2302 1009 vocabitur
2350 942 2555 1007 Filius
2604 943 2742 1020 Dei,

640 1046 782 1109 Luc.
819 1045 877 1108 I:
916 1050 1021 1109 35.
1092 1045 1279 1120 Tum,
1329 1042 1610 1135 Angelus
1640 1044 1891 1108 Domini
1913 1047 1974 1106 in
1998 1048 2234 1109 somnio
2260 1044 2423 1110 dixit
2449 1041 2743 1135 Joseplm,

641 1170 714 1210 ne
742 1150 952 1210 timeas
977 1147 1243 1235 accipere
1281 1145 1552 1210 Mariam
1577 1140 1877 1236 Sponsam
1922 1158 2084 1208 tuam
2105 1193 2120 1220 ,
2172 1168 2312 1209 nam
2354 1143 2525 1237 quod
2564 1147 2627 1206 in
2669 1167 2770 1208 ea-

641 1260 880 1321 natum‚
931 1269 1013 1309 ex
1039 1243 1261 1337 Spiritu
1298 1242 1521 1310 Sancto
1559 1259 1682 1319 est,-
1730 1259 1787 1309 et
1812 1243 2120 1335 Iosephus
2160 1269 2282 1309 non
2323 1248 2512 1334 tetigit
2551 1243 2744 1320 illam,

641 1370 829 1437 usque
854 1345 999 1409 dum
1019 1349 1249 1437 peperit
1274 1345 1500 1409 Filium
1529 1370 1703 1409 suum
1723 1348 2212 1437 primogenitum,
2266 1345 2480 1411 Matth.
2532 1343 2587 1406 l:
2641 1349 2740 1407 20.

640 1451 745 1508 25.
821 1433 1071 1532 Spiritus
1109 1446 1359 1509 Sanctus
1398 1446 1478 1509 ibi
1518 1455 1606 1509 est
1649 1446 1929 1508 Divinum
1974 1445 2193 1509 Verum
2226 1445 2551 1532 procedens
2578 1467 2612 1507 a
2640 1445 2743 1507 Je-

638 1545 836 1609 hovah
867 1546 1076 1619 Patre,
1132 1555 1190 1608 et
1216 1545 1328 1608 hoc
1354 1546 1692 1610 Procedens
1720 1556 1808 1610 est
1836 1546 2035 1609 Virtus
2062 1544 2371 1619 Altissimi,
2419 1565 2567 1632 quae
2601 1556 2746 1609 tunc

640 1646 1018 1710 obumbravit
1061 1645 1344 1708 Matrem:
1399 1646 1514 1709 hoc
1555 1647 1755 1732 itaque
1783 1645 2060 1708 coincidit
2106 1667 2237 1708 cum
2283 1644 2400 1709 boc
2438 1645 2591 1732 apud
2633 1646 2744 1709 Jo-

639 1745 928 1821 hannem,
986 1746 1253 1812 Verbum
1297 1759 1426 1810 erat
1465 1744 1635 1838 apud
1670 1746 1902 1820 Deum,
1955 1759 2012 1808 et
2055 1746 2223 1810 Deus
2265 1760 2398 1810 erat
2448 1746 2743 1822 Verbum,

636 1861 693 1912 et
726 1847 997 1913 Verbum
1033 1845 1190 1910 Caro
1193 1841 1443 1933 factum
1471 1860 1582 1921 est,
1624 1844 1769 1934 Cap.
1802 1847 1860 1910 1:
1907 1850 1958 1909 1.
1995 1849 2108 1918 143
2152 1847 2309 1933 quod
2339 1867 2447 1930 per
2473 1842 2743 1910 Verbum'

638 1949 718 2010 ibi
745 1948 1105 2033 intelligatur
1135 1947 1412 2012 Divinum
1442 1947 1698 2023 Verum,
1755 1947 1888 2012 vide
1934 1947 1991 2007 in
2030 1947 2189 2010 an
2226 1946 2462 2011 Novae
2508 1945 2743 2010 Ecca-:-

512 2116 535 2129 x
635 2066 810 2121 slAE,
867 2068 1041 2133 supra
1085 2067 1139 2108 n.
1176 2051 1232 2109 3.

799 2151 944 2210 141.
1000 2146 1174 2226 Quod
1203 2147 1416 2211 Divina
1447 2146 1708 2211 Trinitas
1735 2147 1895 2234 sitin
1932 2147 2224 2221 Domino,
2279 2168 2454 2234 supra
2496 2146 2748 2210 demon-

637 2254 888 2312 stratum
918 2255 1036 2320 est,
1091 2256 1147 2308 et
1177 2247 1424 2332 amplius
1460 2248 1522 2310 in
1549 2247 1931 2333 sequentibus
1971 2248 2070 2311 ubi
2111 2248 2182 2311 de
2222 2248 2321 2312 illa
2367 2269 2438 2309 ex
2477 2246 2749 2334 professo

640 2347 930 2435 agendum
980 2356 1096 2421 est,
1168 2349 1696 2421 demonstrabitur;
1764 2347 1859 2411 hic
1900 2348 2086 2412 solum
2142 2347 2336 2434 aliqua
2388 2349 2610 2412 absona
2663 2367 2746 2410 ex

638 2449 930 2512 Trinitate
972 2447 1067 2509 illa
1109 2447 1295 2513 divisa
1335 2449 1394 2509 in
1437 2448 1729 2512 Personas
1772 2451 2111 2534 sequentia,
2166 2449 2568 2519 adducentur;
2623 2447 2750 2511 hoc

640 2548 823 2624 foret,
876 2549 1021 2613 sicut
1052 2548 1180 2634 quis
1207 2547 1503 2612 Ecclesiae
1531 2548 1802 2614 Minister
1844 2570 1874 2610 e
1914 2558 2190 2635 suggesto
2220 2548 2394 2613 docet
2433 2549 2569 2635 quid
2611 2569 2748 2612 cre-

641 2648 899 2712 dendum
944 2658 1001 2713 et
1045 2648 1185 2736 quid
1230 2646 1562 2711 faciendum
1612 2657 1727 2724 est,
1781 2659 1838 2711 et
1881 2651 2043 2735 juxta
2087 2649 2248 2713 illum
2288 2650 2435 2714 alius
2474 2649 2748 2712 Minister

639 2760 792 2825 stat,
847 2761 903 2813 et
931 2751 1346 2813 immurmurat
1374 2749 1500 2812 auri
1527 2749 1682 2833 ejuS,
1735 2748 1847 2811 hoc
1874 2757 2033 2812 recte
2062 2750 2233 2825 dicis,
2286 2761 2344 2813 et
2373 2750 2611 2836 insuper
2637 2748 2748 2811 ali-

643 2853 782 2937 quid
826 2850 1047 2920 adhuc;
1102 2859 1161 2912 et
1202 2849 1402 2913 dicunt
1449 2850 1653 2925 tertio,
1709 2851 1808 2934 qui
1848 2850 1905 2911 in
1946 2849 2103 2913 scala
2147 2858 2293 2925 stat,
2349 2850 2634 2913 descende
2679 2848 2741 2910 in

637 2951 983 3036 Templum,
1038 2951 1198 3037 aperi
1245 2972 1417 3015 aures
1462 2971 1706 3025 eorum,
1760 2960 1815 3012 et
1865 2949 2105 3013 infunde
2145 2950 2244 3013 illa
2291 2950 2569 3014 cordibus
2609 2947 2743 3010 illo-

641 3049 807 3123 rum,
859 3060 916 3112 et
963 3050 1134 3112 simul
1179 3049 1273 3113 fac
1322 3061 1382 3113 ut
1427 3050 1540 3112 sint
1583 3052 1900 3135 puritates,
1954 3049 2328 3124 sanctitates,
2384 3060 2441 3112 et
2484 3049 2744 3135 justitiae

642 3150 903 3236 pignora.
985 3148 1198 3212 Divina
1252 3149 1515 3212 Trinitas
1567 3151 1770 3215 divisa.
1805 3149 1863 3211 in
1919 3149 2241 3226 Personas,
2294 3172 2546 3238 quarum
2592 3170 2743 3212 una·

641 3250 884 3335 quaevis
915 3247 1247 3332 singulatim
1293 3258 1379 3311 est
1408 3249 1567 3311 Deus
1594 3255 1653 3311 et'
1682 3250 1998 3324 DominuS,
2053 3248 2254 3313 similis
2292 3251 2468 3313 etiam
2511 3259 2599 3313 est
2638 3249 2743 3311 tri-

640 3350 749 3416 bus
775 3348 1009 3411 Solibus
1037 3347 1095 3408 in
1124 3363 1248 3409 uno
1277 3345 1536 3420 Mundo,
1589 3347 1646 3408 in
1676 3348 1795 3410 alto
1825 3371 1975 3414 unus
1999 3350 2159 3435 juxta
2198 3350 2483 3425 alterum,
2536 3359 2597 3413 et
2624 3360 2741 3413 ter-

641 3449 754 3512 tius
781 3447 966 3521 infra,
1020 3446 1118 3530 qui
1149 3446 1561 3510 circumfundit
1589 3448 1825 3534 angelos
1852 3460 1909 3512 et
1935 3449 2235 3525 homines,
2291 3471 2361 3513 ac
2388 3449 2569 3513 infert
2596 3449 2741 3512 duo-

638 3570 769 3611 rum
801 3547 1056 3609 calorem
1085 3555 1144 3609 et
1172 3547 1361 3611 lucem
1393 3568 1522 3610 cum
1555 3548 1714 3612 omni
1744 3550 2004 3636 potentia
2045 3551 2103 3611 in
2145 3560 2398 3626 mentes,
2453 3550 2637 3614 corda
2682 3558 2741 3611 et

582 3673 585 3678 >
639 3669 890 3734 corpora
921 3643 1186 3722 illorum,
1241 3658 1299 3710 et
1326 3648 1456 3712 illos
1483 3649 1630 3711 sicut
1661 3650 1809 3734 ignis
1844 3651 1903 3712 in
1945 3652 2182 3714 retortis
2211 3651 2397 3725 acuit,
2454 3648 2741 3712 clarificat

639 3757 697 3811 et
725 3747 1000 3811 sublimat
1029 3750 1332 3820 materias;
1384 3749 1514 3834 quis
1543 3771 1659 3812 non
1691 3750 1880 3823 videt,
1932 3749 1978 3813 si
2009 3753 2090 3813 ita
2119 3750 2318 3825 fieret,
2372 3749 2531 3835 quod
2562 3748 2738 3812 homo

639 3849 1087 3927 combureretur
1131 3872 1314 3937 usque
1360 3850 1419 3911 in
1466 3851 1739 3914 cinerem.
1820 3851 2112 3935 Regimen
2162 3851 2337 3913 trium
2385 3850 2740 3913 Divinarum

636 3948 1033 4014 Personarum
1079 3950 1136 4011 in
1177 3949 1393 4024 Caelo,
1445 3950 1633 4014 etiam‘
1666 3949 1851 4015 simile
1891 3950 2045 4015 foret
2088 3950 2359 4037 regimini
2399 3951 2578 4012 trium
2620 3949 2745 4012 Re-

641 4068 777 4134 gum
805 4050 862 4110 in
893 4072 1008 4112 uno
1038 4049 1281 4134 Regum
1338 4038 1440 4112 aut
1483 4050 1751 4135 regimini
1792 4051 1967 4113 trium
1997 4050 2230 4114 Ducum
2274 4049 2534 4134 ejusdem
2580 4056 2750 4134 pote-

638 4148 803 4210 statis
840 4169 1015 4235 super
1057 4170 1173 4209 uno
1203 4149 1509 4220 Exercitu;
1565 4159 1666 4212 aut
1709 4150 1900 4233 potius
1938 4150 2239 4236 Regimini
2282 4152 2564 4215 Romano
2604 4156 2749 4211 ante

639 4244 959 4310 Caesarum
992 4257 1293 4334 tempora,
1345 4248 1577 4331 quando
1606 4247 1845 4311 fuerunt
1874 4248 2125 4325 Consul,
2179 4251 2465 4325 Senatus,
2519 4236 2754 4311 etTri-
