3309 4775
797 395 842 451 1.
922 396 1152 450 DEUS
1193 395 1634 452 CREATOR.
1690 426 1757 436 —
1815 395 2141 449 UNITAS
2181 396 2350 451 DEI.
2578 406 2612 455 ⁹

529 551 643 615 lica
670 549 913 614 illorum
953 548 1333 614 confessione
1375 558 1566 635 patet,
1607 570 1760 636 quae
1799 550 1931 615 talis
1969 559 2085 626 est,
2128 548 2354 628 „Fides
2398 549 2612 620 catho-

533 650 653 717 lica
682 650 830 717 haec
867 666 985 727 est,
1036 665 1101 715 ut
1142 676 1321 715 unum
1358 650 1552 716 Deum
1591 653 1655 715 in
1690 652 2009 727 Trinitate,
2054 664 2111 715 et
2157 651 2503 717 Trinitatem
2548 657 2613 718 in

493 779 499 785 ·
534 756 760 818 unitate
776 775 1163 818 veneremur.-
1206 765 1349 816 sunt
1374 766 1493 817 tres
1527 751 1829 816 Personae
1854 752 2125 828 Divinae,
2163 752 2366 829 Pater,
2394 751 2613 831 Filius,

531 868 591 919 et
614 851 872 947 Spiritus
895 850 1191 928 Sanetus,
1229 865 1286 918 et
1325 867 1523 918 tamen
1548 877 1670 917 non
1696 867 1836 918 sunt
1876 866 1994 918 tres
2033 852 2151 929 dii,
2196 852 2310 919 sed
2344 879 2500 919 unus
2524 870 2614 921 est

533 953 735 1020 Deus.-
775 969 952 1047 atque
979 953 1107 1019 alia
1132 967 1221 1019 est
1247 955 1526 1020 Persona
1551 954 1793 1030 Patris,
1829 952 1954 1019 alia
1979 953 2157 1030 Filii,
2193 969 2248 1020 et
2274 954 2401 1021 alia
2426 952 2613 1049 Spiri-

535 1068 634 1120 tus
659 1053 898 1132 Sancti,
941 1070 998 1121 et
1023 1054 1265 1121 illarum
1302 1069 1393 1120 est
1429 1079 1551 1121 una
1577 1054 1909 1132 Divinitas,
1952 1054 2228 1148 aequalis
2269 1055 2516 1136 Gloria,
2554 1072 2613 1123 et

536 1171 853 1222 coaeterna
884 1157 1193 1244 Majestas
1203 1186 1224 1232 ,-
1278 1159 1361 1221 ita
1386 1156 1553 1223 Deus
1591 1171 1683 1221 est
1713 1157 1927 1232 Pater,
1968 1156 2137 1221 Deus
2174 1171 2265 1222 est
2302 1156 2520 1234 Filius,
2558 1173 2616 1225 et

534 1258 710 1323 Deus
736 1271 824 1323 est
848 1256 1105 1350 Spiritus
1130 1253 1427 1322 Sanetus.-
1473 1272 1538 1322 at
1573 1260 1718 1349 quia
1756 1256 2104 1348 singulatim
2142 1282 2616 1352 unamquamque

536 1358 871 1423 Personam
913 1358 1109 1423 Deum
1161 1371 1218 1421 et
1260 1357 1580 1422 Dominum
1631 1357 1913 1448 confiteri
1968 1356 2311 1423 Christiana
2363 1363 2618 1425 veritate

532 1457 971 1548 compellimur,
1016 1461 1101 1522 ita
1130 1472 1248 1522 tres
1272 1458 1439 1523 Deos
1479 1472 1537 1534 et
1568 1471 1687 1522 tres
1712 1458 2007 1523 Dominos
2034 1457 2257 1534 dicere,
2305 1457 2618 1525 Catholica

531 1556 849 1649 Religione
891 1557 1305 1652 prohibemur.-
1368 1559 1499 1624 talis
1554 1568 1639 1622 est
1693 1558 1836 1623 fides
1883 1557 2208 1623 Christiana
2252 1558 2323 1624 de
2371 1559 2614 1624 Unitate

529 1658 673 1733 Dei;
715 1661 813 1724 sed
859 1659 1016 1747 quod
1060 1659 1319 1725 Trinitas
1350 1660 1461 1724 Dei
1503 1670 1559 1723 et
1602 1658 1812 1723 Unitas
1854 1659 1964 1725 Dei
2008 1659 2067 1723 in
2107 1659 2203 1725 illa
2251 1660 2614 1726 confessione

528 1760 685 1824 inter
714 1781 776 1825 se
813 1759 1162 1836 dissideant,
1205 1760 1263 1822 in
1298 1761 1500 1849 Capite
1545 1761 1615 1823 de
1644 1761 1888 1827 Dwm
1930 1780 2263 1825 ‘smmum
2302 1761 2610 1825 videbitur.

527 1848 747 1925 Gentes
773 1861 1032 1949 reliquae
1057 1862 1118 1925 in
1145 1862 1387 1937 Mundo,
1428 1862 1639 1948 quibus
1668 1861 1905 1949 Religio
1931 1870 1989 1925 et
2015 1883 2158 1926 sana
2187 1861 2339 1926 ratio
2367 1872 2473 1939 est,
2510 1862 2615 1927 ad·

530 1963 914 2050 stipulantur,
964 1961 1120 2050 quod
1151 1962 1309 2028 Deus
1346 1985 1498 2027 unus
1535 1964 1640 2027 sit:
1698 1984 1899 2027 omnes
1939 1961 2358 2028 Mahumedani
2396 1964 2454 2027 in
2496 1965 2616 2028 suis

533 2063 833 2152 Imperiis;
877 2062 1136 2129 Africani
1164 2064 1222 2126 in
1253 2064 1447 2128 multis
1470 2064 1561 2129 sui
1586 2064 1767 2129 Orbis
1795 2064 2046 2149 Regnis3
2091 2074 2149 2128 et
2192 2085 2424 2150 quoque
2450 2063 2616 2129 Asia·-

532 2164 635 2228 tici
660 2165 720 2227 in
763 2164 1023 2252 pluribus
1047 2165 1194 2237 suis;
1238 2175 1294 2228 et
1336 2165 1570 2251 insuper
1594 2165 1814 2229 Judaei
1852 2164 2044 2229 hodie.
2112 2162 2510 2250 Antiquissimi
2554 2166 2614 2227 in

529 2263 778 2329 Saeculo
807 2287 1020 2340 aureo,
1063 2266 1176 2342 illi,
1224 2266 1377 2353 apud
1420 2287 1567 2353 quos
1606 2264 1837 2353 Religio
1876 2264 2018 2341 suit,
2071 2266 2377 2329 coluerunt
2418 2266 2611 2330 Deum

534 2365 763 2444 Unum,
822 2391 994 2456 quem
1048 2367 1504 2432 nominaverunt
1554 2366 1895 2440 Jnnovam
1958 2366 2224 2432 similiter
2266 2366 2508 2456 Antiqui
2553 2366 2612 2431 in

529 2467 779 2534 Saeculo
817 2477 1129 2557 sequente,
1186 2478 1501 2556 antequam
1544 2467 1795 2554 Imperia
1841 2466 2215 2533 monarchica
2261 2467 2412 2535 sacta
2458 2478 2613 2545 sunt,

530 2590 663 2633 cum
698 2569 910 2655 quibus
947 2570 1290 2656 inceperunt
1332 2591 1562 2634 amores
1601 2569 1911 2645 mundani,
1952 2579 2010 2633 et
2049 2570 2283 2634 demum
2326 2570 2614 2655 corporei,

531 2670 840 2734 occludere
872 2671 1173 2758 superiora
1212 2670 1568 2746 intellectus,
1614 2692 1770 2757 quae
1812 2670 1967 2758 prius
2005 2670 2241 2734 fuerunt
2276 2680 2508 2757 aperta,
2556 2680 2613 2733 et

530 2779 671 2834 tunc
697 2772 845 2835 sicut
872 2770 1116 2857 Templa
1157 2780 1214 2834 et
1255 2768 1450 2862 Adyta
1493 2793 1598 2860 pro
1639 2772 1798 2835 cultu
1841 2770 2010 2835 unius
2050 2771 2192 2835 Dei:
2232 2780 2291 2832 at
2327 2769 2615 2835 Dominus

529 2872 692 2936 Deus
728 2882 793 2935 ut
831 2873 1162 2937 recluderet
1201 2871 1329 2948 illa,
1386 2883 1443 2936 et
1484 2873 1566 2937 sic
1606 2881 1963 2936 restauraret
2007 2872 2224 2937 cultum
2265 2872 2435 2934 unius
2479 2871 2612 2946 Dei,

530 2971 850 3036 Ecclesiam
879 2973 1037 3061 apud
1071 2972 1283 3038 Jacobi
1314 2983 1578 3060 posteros
1607 2973 1886 3047 instituit,
1934 2982 1992 3034 et
2034 2971 2312 3059 praefecit
2343 2972 2615 3036 omnibus

530 3073 852 3161 praeceptis
895 3073 1192 3160 religionis
1235 3072 1468 3137 illorum
1509 3072 1650 3148 hoc,
1717 3073 1869 3139 Non
1907 3076 2016 3138 erit
2067 3071 2234 3138 Deus
2275 3070 2437 3138 alius
2474 3087 2614 3137 ante

505 3169 745 3261 faeiem
788 3197 1006 3251 meam,
1049 3174 1231 3239 Exod.
1264 3175 1406 3239 XX:
1450 3179 1504 3238 3.
1561 3173 1838 3239 Jebovah
1866 3175 2061 3250 etiam,
2104 3195 2272 3260 quem
2301 3194 2363 3238 se
2392 3195 2423 3237 e
2453 3195 2611 3237 novo

530 3295 726 3339 coram
756 3276 867 3340 illis
894 3275 1254 3350 nominavit,
1295 3275 1584 3361 significat
1619 3285 1955 3363 supremum
1988 3284 2046 3338 et
2077 3275 2311 3338 unicum
2340 3274 2493 3351 Ens,
2536 3295 2611 3337 ex

434 3402 447 3417 ·
530 3397 647 3462 quo
675 3397 847 3441 omne
876 3386 993 3452 est,
1036 3377 1192 3464 quod
1222 3377 1279 3439 in
1311 3376 1586 3441 universo
1626 3385 1712 3442 est
1755 3385 1814 3438 et
1853 3377 2060 3440 existit.
2130 3376 2316 3441 Prisci
2353 3374 2614 3446 Gentiles

531 3498 640 3561 pro
667 3499 942 3564 supremo
970 3479 1101 3542 Deo
1136 3488 1506 3561 agnoverunt
1533 3477 1781 3552 Jovem,
1827 3477 1907 3541 ita
1949 3475 2101 3540 sorte
2142 3486 2416 3541 vocatum
2446 3496 2480 3538 a
2509 3476 2613 3539 Je—

525 3574 757 3654 hovab,
801 3588 858 3641 et
904 3579 1097 3666 plures
1136 3578 1310 3655 alios,
1368 3578 1465 3664 qui
1508 3577 1940 3665 componebant
1978 3577 2189 3642 Aulam
2231 3578 2386 3663 ejus,
2435 3564 2624 3641 etiamx

532 3677 856 3743 Divinitate
884 3680 1286 3753 donaverunt;
1331 3690 1391 3743 at
1419 3679 1723 3767 Sapientes
1747 3681 1806 3741 in
1837 3678 2120 3765 Sequenti
2146 3700 2317 3754 aevo,
2351 3687 2413 3741 ut
2440 3677 2613 3743 Plato

528 3787 588 3841 et
624 3777 993 3855 AristotelcS,
1043 3781 1178 3845 fassi
1218 3790 1382 3855 sunt,
1431 3779 1589 3867 quod
1620 3779 1681 3842 hi
1718 3801 1837 3844 non
1876 3778 2007 3854 Dii,
2051 3779 2152 3842 sed
2194 3779 2434 3843 totidem
2478 3800 2614 3863 pro-

528 3878 833 3966 prietates,
892 3882 1230 3969 qualitates,
1278 3890 1337 3944 et
1379 3882 1659 3947 attributa
1704 3880 1875 3944 unius
1919 3879 2033 3945 Dei
2073 3888 2298 3957 essent,
2345 3901 2497 3968 quae
2535 3878 2614 3940 dii

523 3979 724 4044 vocati
749 3988 914 4059 sunt,
961 3983 1098 4069 quia
1123 3981 1365 4068 singulis
1389 3981 1502 4047 illis
1527 3981 1802 4047 divinitas
1830 3982 2038 4045 inerat.

682 4083 782 4144 10.
837 4082 1044 4148 Omnis
1068 4082 1248 4148 Ratio
1273 4103 1450 4158 sana,
1494 4081 1723 4147 tametsi
1753 4103 1874 4147 non
1901 4080 2193 4168 religiosa,
2228 4080 2408 4157 videt,
2450 4078 2612 4164 quod

525 4202 701 4245 omne
728 4181 973 4249 divisum
1005 4183 1113 4248 nisi
1151 4184 1402 4273 pendeat
1426 4183 1504 4248 ab
1543 4205 1692 4261 uno,
1737 4204 1806 4248 ex
1848 4203 1911 4248 se
1955 4181 2286 4258 dilabatur,
2330 4180 2614 4266 quemad-

522 4282 762 4349 modum
793 4283 994 4353 Homo
1023 4305 1095 4351 ex
1123 4294 1211 4350 tot
1242 4283 1549 4362 membris,
1591 4283 1941 4363 visceribus,
1981 4283 2217 4370 organis
2254 4280 2526 4346 sensoriis
2553 4285 2612 4339 et
