3309 4775
581 352 685 400 152
806 338 1269 402 UNIVERSA
1313 339 1850 397 THEOLQGIA
1902 340 1970 396 N.
2014 340 2078 395 C.
2122 341 2229 392 ΕΤ
2270 342 2340 397 Ν.
2382 341 2451 397 E.

448 524 453 530 ·
572 495 756 562 datus
796 494 1121 571 est-nobis,
1174 497 1352 581 eujus
1379 493 1624 559 Nomen
1655 493 1861 569 DEUS,
1914 495 2147 571 Heros,
2200 495 2415 569 Psm
2450 517 2679 563 Amm-

571 613 853 672 muns,
935 594 1093 681 Esaj‚
1147 592 1267 658 IX:
1326 598 1383 658 5.
1493 594 1582 662 Tu
1637 595 1831 659 Pater
1880 608 2117 672 noster,
2182 595 2502 661 Abraham
2558 621 2680 662 non

572 697 879 787 cognoscit
907 719 1049 771 noS,
1103 709 1159 759 et
1187 694 1396 760 Israel
1431 719 1553 761 non
1598 699 1876 785 agnoscit
1904 720 2053 771 7205,
2109 697 2202 763 Tu
2229 697 2535 761 lenovan
2560 699 2681 777 PA-

573 818 693 862 ‘mn
735 816 1006 872 mosum,
1060 797 1460 861 REDEmr‘ron
1495 816 1737 861 nos‘rnn
1782 818 1825 860 A
1868 815 2146 862 siu-:cuno
2184 798 2425 862 Nom
2476 819 2679 873 Tuum,

570 899 729 984 Esaj.
761 896 992 962 LXIII:
1031 901 1128 960 16.
1210 896 1448 960 Dixitne
1488 897 1561 960 ad
1592 895 1931 985 Philippum
1980 897 2275 961 volentem
2323 899 2524 962 videre
2561 899 2679 963 Pa-

571 1009 757 1072 trem,
809 996 1132 1092 Philippa,
1176 1020 1299 1061 non
1331 1000 1492 1062 nosti
1515 998 1664 1073 Me,
1714 1002 1820 1089 qui
1860 997 2030 1064 videl
2055 999 2169 1064 Me
2197 997 2369 1064 videt
2412 999 2679 1074 Patrem,

572 1099 710 1164 Joh.
744 1097 916 1163 xlv:
966 1105 1025 1163 9.
1083 1098 1229 1187 Cap.
1259 1097 1408 1162 XII:
1451 1101 1567 1171 45;
1613 1098 1743 1186 quis
1770 1107 1911 1162 tunc
1938 1097 2086 1163 alius
2124 1109 2213 1165 est
2246 1099 2457 1175 Pater,
2493 1098 2675 1185 'quam

570 1222 750 1288 quem
778 1200 1083 1289 Philippus
1109 1199 1294 1263 oculis
1319 1198 1437 1263 suis
1465 1199 1628 1266 vidit.
1715 1199 1826 1264 His
1866 1198 2135 1264 addimus
2175 1199 2322 1275 hoc,
2378 1201 2593 1265 dicitur
2620 1203 2679 1263 in

570 1310 699 1366 toto
727 1299 1065 1365 Christiano
1093 1299 1302 1375 Orbe,
1350 1299 1503 1385 quod
1531 1299 1648 1374 illi,
1697 1299 1794 1386 qui
1836 1299 1912 1364 ab
1944 1300 2205 1365 Ecclesia
2233 1310 2401 1374 sunt,
2455 1300 2678 1366 saciant

572 1401 787 1467 Christi
818 1400 1076 1489 Corpus,
1126 1409 1185 1463 et
1211 1400 1422 1463 sint-in
1469 1399 1659 1487 Ipsius
1686 1400 1982 1489 Corpore,
2038 1401 2337 1487 quomodo
2380 1411 2519 1466 tunc
2548 1415 2678 1488 pot-

571 1513 663 1569 est
703 1501 881 1566 homo
910 1501 1209 1566 Ecclesiae
1251 1499 1415 1565 adire
1452 1500 1646 1565 Deum
1690 1501 1969 1578 Patrem,
2025 1501 2134 1566 nisi
2183 1524 2286 1590 per
2328 1502 2562 1588 Ipsum,
2617 1503 2675 1565 in

569 1608 735 1689 cujus
765 1623 1013 1691 corpore
1039 1612 1146 1678 est,
1188 1603 1276 1665 sin
1305 1600 1494 1677 aliter,
1540 1601 1783 1667 omuino
1821 1603 2000 1666 exibit
2027 1624 2060 1665 e
2090 1603 2357 1688 Corpore
2386 1614 2445 1666 et
2474 1603 2674 1667 adibit.

569 1704 796 1769 Ultimo
825 1702 1279 1768 informavimus
1307 1700 1473 1776 illos,
1529 1702 1685 1791 quod
1727 1694 1903 1766 bodie
1938 1705 2130 1768 NovA
2159 1704 2462 1768 Ecca-su
2492 1726 2524 1767 a
2556 1703 2678 1768 Do-

569 1807 732 1870 mino
786 1805 1182 1879 instauretur,
1236 1824 1388 1889 quae
1433 1803 1782 1890 intelligitur
1826 1826 1930 1889 per
1982 1805 2227 1885 Novam
2273 1804 2677 1870 Hmnosomr-

568 1924 722 1970 ΜΑΜ
747 1907 806 1970 in
835 1904 1231 1994 Apocalypsi,
1285 1905 1345 1965 in
1373 1926 1489 1990 qua
1519 1904 1724 1968 Cultus
1750 1905 1931 1969 solius
1957 1905 2196 1969 Domini
2236 1904 2378 1980 erit,
2428 1907 2583 1986 sicut
2620 1907 2678 1968 in

569 2006 780 2083 Caelo,
834 2015 893 2069 et
934 2008 1089 2093 quod
1125 2006 1207 2070 sic
1236 2005 1428 2069 Omne
1464 2003 1883 2098 complebitur,
1935 2004 2105 2098 quod
2143 2010 2203 2069 in
2234 2006 2525 2071 Oratione
2552 2006 2681 2070 Do·
2737 2094 2742 2098 .
2771 2053 2789 2076 .

568 2110 791 2172 minica
816 2131 855 2171 a
875 2110 1175 2201 principio
1201 2104 1498 2197 adfinem
1524 2109 1888 2171 continetur.-
1941 2105 2439 2171 confirmavimus
2477 2108 2675 2170 omnia

567 2230 640 2271 ex
668 2207 869 2273 Verbo
901 2207 1056 2295 apud
1086 2206 1531 2293 Evangelistas,
1586 2217 1655 2271 et-
1686 2207 1842 2294 apud
1885 2205 2252 2295 Prophetas,
2306 2216 2364 2271 et
2406 2229 2479 2270 ex
2516 2204 2680 2296 Apo-

460 2320 461 2323 ’
568 2308 824 2399 calypsi,
874 2309 935 2371 in
963 2330 1080 2396 qua
1107 2307 1179 2371 de
1209 2308 1306 2372 illa
1337 2307 1598 2373 Ecclesia
1629 2329 1662 2371 a
1694 2307 1979 2397 principio
2009 2308 2083 2373 ad
2125 2307 2299 2371 finem
2329 2309 2559 2396 agitur,
2617 2310 2676 2371 in

565 2420 733 2475 tanta
761 2411 961 2499 copia,
1019 2419 1080 2474 ut
1109 2409 1575 2497 defatigarentur
1603 2410 1825 2474 audire.

723 2512 834 2577 His
888 2533 1020 2575 cum
1075 2510 1483 2596 indignatione
1536 2509 1787 2586 auditis,
1866 2508 2182 2576 voluerunt
2234 2506 2674 2596 Armageddoni

563 2613 776 2702 passim
823 2614 1182 2701 interpolare
1227 2633 1559 2677 sermonem
1606 2621 1906 2683 nostrum;
1979 2619 2039 2675 et
2090 2610 2328 2674 tandem
2385 2620 2673 2698 ruperunt

561 2714 747 2790 illum,
788 2724 845 2778 et
874 2713 1388 2788 exclamaverunt,
1430 2711 1661 2799 loquuti
1692 2711 1826 2776 estis
1855 2721 2061 2776 contra
2091 2711 2438 2775 Doctrinam
2468 2711 2672 2775 Eccle-

562 2814 684 2879 siae
716 2826 984 2892 nostrae,
1039 2829 1200 2901 quae
1222 2823 1340 2888 est,
1394 2814 1550 2900 quod
1580 2812 1747 2877 Deus
1774 2812 1957 2877 Pater
1988 2812 2326 2876 immediate
2370 2812 2672 2876 adeundus

564 2916 637 2977 sit
665 2924 721 2978 et
753 2915 1108 2980 credendum
1137 2915 1197 2978 in
1229 2915 1437 2989 Illum,
1488 2914 1573 2979 sic
1601 2934 1735 2978 reos
1768 2935 1875 2980 vos
1913 2911 2131 2977 fecistis
2162 2913 2499 2978 violationis
2540 2910 2671 2976 fidei

564 3022 845 3090 nostrae,
898 3037 1083 3101 quare
1123 3016 1275 3078 exite
1305 3014 1554 3090 abhinc,
1606 3023 1666 3077 et
1704 3015 1751 3079 si
1790 3034 1945 3090 non,
1998 3012 2342 3098 ejiciemini:
2395 3022 2453 3076 et
2493 3012 2672 3077 animi

565 3111 803 3177 illorum
831 3115 1058 3177 accensi
1088 3133 1123 3175 a
1152 3114 1322 3176 minis
1352 3114 1411 3175 in
1442 3124 1721 3178 conatum
1766 3124 2089 3186 venerunt;
2141 3114 2241 3178 sed
2284 3123 2426 3178 tunc
2464 3136 2535 3177 ex
2574 3136 2675 3201 po-

564 3212 745 3279 tentia
774 3213 943 3277 nobis
971 3209 1112 3274 data'
1137 3212 1528 3296 percussimus
1552 3212 1684 3276 illos
1712 3215 1994 3279 caecitate
2012 3264 2027 3290 ,
2082 3235 2149 3277 ex
2177 3235 2291 3300 qua
2319 3237 2439 3278 non
2470 3215 2674 3279 viden-

564 3321 652 3377 tes
679 3335 785 3377 nos
811 3320 1166 3398 eruperunt,
1220 3319 1280 3374 et
1321 3309 1380 3372 in
1417 3333 1621 3375 errore
1664 3311 2102 3391 discurrebant,
2156 3322 2214 3378 et
2254 3315 2492 3401 quidam
2531 3315 2672 3377 inci·

561 3412 781 3479 derunt
807 3413 869 3476 in
906 3412 1212 3501 abyssum,
1268 3411 1341 3475 de
1374 3412 1580 3496 quain
1605 3411 2009 3503 Apocalypsi,
2056 3414 2196 3501 Cap.
2227 3415 2347 3478 IX:
2396 3419 2469 3491 2,
2516 3436 2669 3502 quae

534 3535 722 3582 ‚nunc
761 3522 848 3578 est
887 3513 946 3578 in
974 3511 1160 3598 Plaga
1206 3511 1575 3577 meridionali
1619 3533 1826 3580 versus
1854 3516 2193 3591 Orientem,
2251 3516 2352 3579 ubi
2390 3525 2529 3579 sunt
2569 3514 2668 3603 qui

561 3613 916 3679 confirmant
950 3612 1422 3699 justificationem
1468 3636 1575 3701 per
1614 3614 1800 3679 solam
1835 3614 2043 3691 fidem,
2097 3626 2155 3679 et
2183 3616 2265 3679 illi
2296 3617 2374 3679 ibi
2402 3617 2669 3703 quicun-

558 3712 795 3780 firmant
823 3714 980 3779 illam
1009 3736 1079 3779 ex
1107 3715 1341 3792 Verbo,
1385 3717 1737 3780 emittuntur
1762 3715 1821 3777 in
1851 3717 2181 3793 desertum,
2234 3718 2292 3780 in
2322 3740 2443 3804 quo
2467 3717 2669 3782 serun-

559 3824 657 3880 tur
698 3838 878 3903 usque
921 3815 996 3880 ad
1037 3817 1468 3883 extremitatem
1502 3816 1686 3881 Orbis
1714 3813 2065 3892 Christiani,
2120 3828 2178 3885 et
2221 3818 2669 3883 commiscentur

561 3935 824 4001 paganis.
