3309 4775
712 391 780 440 tlt
933 379 1392 433 UNIVERSA
1433 377 1966 432 THEOLOGIA
2008 378 2076 435 N.
2119 376 2181 428 C.
2225 376 2335 428 ET
2376 376 2444 430 N.
2484 376 2553 430 E.

706 541 1052 609 nascantur,
1091 543 1152 598 et
1178 533 1260 598 ibi
1289 533 1433 600 fiant
1461 532 1875 622 chrysallides,
1914 531 2191 606 aureliae,
2231 528 2549 619 nymphae,
2575 537 2637 590 et
2664 536 2798 593 tan-

706 633 835 697 dem
864 633 1211 720 papiliones:
1251 647 1310 701 et
1337 657 1467 699 cum
1499 632 2005 723 Metamorphosin
2032 632 2354 706 subierunt,
2389 640 2449 694 et
2473 629 2798 694 secundum

701 736 954 820 speciem
1002 734 1259 823 pulchris
1301 737 1488 801 induti
1532 745 1670 799 sunt
1715 734 1851 811 alis,
1909 733 2147 798 evolant
2194 733 2254 795 in
2298 737 2494 795 aerem
2539 729 2688 794 sicut
2732 730 2796 794 in

701 856 872 901 suum
903 836 1161 912 caelum,
1202 859 1273 900 ac
1298 837 1378 902 ibi
1408 837 1717 925 genialiter
1745 836 1980 911 ludunt,
2019 845 2078 898 et
2105 843 2290 920 agunt
2317 829 2644 903 connubia.
2688 853 2798 917 po-

703 945 849 999 nunt
878 959 1024 1012 ova,
1065 959 1134 1002 ac
1161 940 1519 1025 prospiciunt
1544 938 1653 1002 sibi
1685 937 2114 1022 posteritatem:
2156 947 2213 999 et
2244 941 2381 998 tunc
2408 933 2568 999 victu
2596 953 2798 996 amae-

705 1059 784 1101 no
813 1046 871 1099 et
898 1038 1051 1102 dulci
1079 1061 1149 1104 ex
1178 1039 1419 1105 floribus
1446 1061 1508 1105 se
1536 1041 1822 1103 nutriunt.
1895 1038 2043 1118 Quis
2075 1059 2228 1113 non,
2274 1036 2373 1123 qui
2417 1057 2524 1121 pro
2571 1034 2797 1099 Divino

704 1160 775 1203 ex
803 1138 1125 1206 visibilibus
1152 1143 1208 1205 in
1236 1153 1449 1205 natura
1475 1162 1538 1208 se
1566 1139 1909 1214 confirmat,
1952 1160 2070 1203 non
2097 1137 2258 1202 videt
2298 1137 2556 1223 aliquam
2585 1134 2798 1221 imagi-

703 1260 849 1304 nem
864 1244 1158 1308 terrestris
1185 1253 1367 1308 status
1392 1240 1646 1306 bominis
1671 1241 1735 1304 in
1774 1241 1885 1305 illis
1923 1252 1986 1305 ut
2015 1240 2346 1314 vermibus,
2389 1248 2449 1300 et
2478 1236 2795 1322 imaginem

700 1351 886 1407 status
922 1342 1186 1409 caelestis
1219 1344 1277 1407 in
1316 1344 1426 1408 illis
1454 1352 1515 1405 ut
1546 1341 1967 1430 papilionibus:
2015 1350 2075 1403 at
2112 1341 2228 1417 illi,
2269 1338 2366 1428 qui
2407 1360 2513 1426 pro
2556 1337 2797 1403 Natura

701 1465 765 1510 se
794 1440 1175 1519 confirmant,
1220 1446 1421 1510 vident
1448 1443 1683 1531 quidem
1711 1442 1844 1517 illa,
1884 1443 1984 1507 sed
2012 1444 2147 1526 quia
2190 1441 2498 1504 caelestem
2537 1437 2797 1503 bominis

701 1553 919 1611 statum
966 1545 1295 1630 rejecerunt
1332 1565 1404 1609 ex
1446 1546 1676 1619 animo,
1734 1552 1947 1610 vocant
1988 1543 2086 1607 illa
2131 1563 2321 1606 meras
2365 1550 2614 1604 naturae
2653 1560 2797 1628 ope·

703 1646 977 1710 rationes.

851 1747 1113 1835 Quisque
1139 1770 1210 1812 ex
1236 1747 1577 1814 Visibilibus
1603 1745 1664 1809 in
1690 1747 1923 1811 Natura
1954 1766 2060 1830 pro
2085 1743 2302 1809 Divino
2329 1765 2391 1809 se
2433 1751 2621 1833 potest
2647 1762 2797 1806 con-

703 1848 972 1923 firmare,
1018 1850 1153 1912 dum
1182 1849 1430 1913 attendit
1457 1848 1530 1911 ad
1561 1847 1658 1911 illa
1690 1868 1841 1932 quae
1882 1856 2022 1909 nota
2062 1856 2196 1910 sunt
2235 1847 2309 1910 de
2335 1845 2588 1931 Apibus,
2632 1844 2797 1932 quod

701 1951 886 2015 sciant
915 1969 985 2011 ex
1014 1951 1161 2014 rosis
1187 1959 1245 2013 et
1273 1947 1517 2014 floribus
1545 1948 1820 2036 colligere
1850 1968 2079 2022 ceram,
2123 1956 2181 2011 et
2220 1968 2500 2034 exsugere
2530 1944 2677 2024 mel,
2721 1968 2800 2011 ac

701 2063 929 2116 struere
970 2051 1146 2116 cellas
1175 2051 1326 2116 sicut
1365 2050 1777 2124 domunculas,
1820 2058 1881 2112 et
1923 2049 2230 2135 disponere
2270 2048 2398 2113 illas
2437 2050 2496 2110 in
2538 2047 2796 2111 formam

702 2152 982 2225 civitatis,
1023 2172 1153 2215 cum
1184 2151 1388 2237 plateis
1415 2173 1518 2236 per
1542 2172 1686 2238 quas
1714 2151 1932 2214 intrent
1957 2159 2016 2214 et
2044 2170 2147 2236 per
2177 2170 2321 2236 quas
2348 2159 2588 2221 exeant:
2627 2148 2796 2235 quod

701 2276 734 2315 e
763 2253 1084 2340 longinquo
1112 2253 1359 2317 odorent
1386 2251 1562 2317 flores
1588 2262 1647 2315 et
1672 2252 1919 2327 herbas,
1966 2272 2038 2314 ex
2066 2250 2279 2338 quibus
2308 2251 2585 2337 colligant
2624 2269 2795 2314 ceras

701 2354 1048 2447 proldomo,
1087 2364 1146 2419 et
1184 2354 1356 2420 mella
1398 2377 1503 2444 pro
1532 2355 1723 2430 victu,
1775 2361 1832 2417 et
1872 2352 2031 2440 quod
2069 2349 2182 2417 illis
2222 2350 2479 2417 refertae
2521 2349 2794 2416 revolent

697 2457 1017 2522 secundum
1073 2456 1301 2544 plagam
1347 2456 1421 2520 ad
1466 2477 1634 2521 suum
1687 2456 1956 2529 alveare,
2026 2464 2085 2518 et
2136 2455 2221 2518 sic
2272 2453 2628 2540 prospiciant
2681 2452 2798 2517 sibi

699 2544 1068 2644 victum’pro
1111 2548 1359 2621 ventura
1404 2556 1649 2647 hyeme,
1694 2558 1846 2620 sicut
1887 2554 2043 2618 illam
2082 2556 2526 2640 praeviderent:
2580 2553 2798 2642 praefi-

697 2659 859 2722 ciunt
887 2660 1063 2722 etiam
1092 2659 1201 2723 sibi
1229 2657 1525 2722 dominam
1553 2658 1704 2721 sicut
1727 2655 2039 2741 Reginam,
2064 2677 2135 2719 ex
2162 2677 2278 2742 qua
2307 2656 2630 2721 l’osteritas
2659 2678 2798 2743 pro·

697 2770 973 2848 pagetur,
1018 2769 1076 2824 et
1105 2782 1212 2848 pro
1239 2759 1336 2823 illa
1367 2760 1530 2846 quasi
1559 2757 1772 2822 Aulam
1814 2779 1989 2844 supra
2032 2780 2092 2821 se
2129 2766 2366 2821 struunt
2404 2777 2537 2821 cum
2576 2755 2800 2820 satelli-

698 2862 790 2926 tiis
819 2865 1034 2926 circum
1055 2910 1072 2938 ,
1111 2882 1295 2949 quae,
1333 2882 1463 2924 cum
1495 2869 1725 2947 tempus
1754 2869 1954 2947 partus
1979 2859 2190 2934 instat,
2233 2858 2393 2922 vadit
2420 2860 2476 2921 in
2508 2855 2797 2924 comitatu

696 2983 730 3025 a
757 2962 1132 3035 satellitibus,
1181 2963 1280 3049 qui
1307 2970 1600 3027 vocantur
1629 2961 1813 3036 Fuci,
1857 2983 1890 3025 a
1918 2959 2128 3024 cellula
2164 2959 2224 3022 in
2255 2958 2554 3034 cellulam,
2598 2967 2656 3022 et
2687 2980 2794 3044 po·

658 3074 662 3078 ’
695 3061 781 3125 nit
809 3084 952 3135 ova,
1001 3084 1151 3150 quae
1182 3063 1354 3126 turba
1380 3083 1630 3147 sequens
1658 3062 2035 3136 circumlinit,
2075 3081 2150 3123 ne
2177 3061 2487 3124 laedantur
2514 3060 2592 3123 ab
2619 3064 2793 3135 aere:

695 3162 829 3225 inde
855 3163 966 3226 illis
1001 3184 1157 3226 nova
1183 3163 1449 3227 soboles:
1498 3171 1698 3248 postea
1733 3184 1863 3227 cum
1892 3160 2041 3233 haec
2070 3160 2144 3224 ad
2173 3170 2426 3224 aetatem
2457 3181 2623 3225 suam
2654 3180 2794 3245 pro-

696 3272 866 3326 vecta
895 3274 1012 3338 est,
1054 3272 1118 3325 ut
1144 3263 1352 3328 similia
1382 3262 1557 3350 possit
1584 3260 1814 3340 facere,
1859 3262 2170 3348 expellitur
2199 3262 2410 3338 domo,
2454 3271 2514 3325 et
2539 3281 2793 3326 examen

694 3384 757 3428 se
789 3364 1038 3449 primum
1069 3364 1289 3448 colligit
1315 3364 1373 3425 in
1406 3372 1681 3438 turmam,
1709 3385 1783 3426 ne
1813 3363 2166 3428 consociatio
2196 3362 2527 3439 divellatur,
2566 3371 2627 3426 et
2651 3361 2791 3426 dein

693 3464 892 3530 evolat
921 3466 995 3529 ad
1022 3463 1491 3552 investigandum
1519 3464 1632 3528 sibi
1664 3463 2050 3528 domicilium:
2094 3464 2250 3528 circa
2276 3462 2640 3527 Autumnum
2667 3460 2791 3526 fuci

692 3564 808 3641 illi,
849 3568 985 3653 quia
1013 3567 1154 3631 nihil
1188 3586 1359 3630 cerae
1387 3574 1491 3629 aut
1518 3564 1705 3630 mellis
1731 3566 2087 3641 intulerunt,
2125 3566 2460 3629 educuntur
2496 3573 2555 3629 et
2593 3562 2788 3652 depri-

692 3675 911 3732 vantur
937 3668 1073 3745 alis,
1118 3690 1192 3732 ne
1220 3668 1494 3741 redeant,
1538 3676 1596 3731 et
1622 3688 1787 3732 escas
1813 3689 1979 3742 suas,
2022 3665 2233 3752 quibus
2261 3664 2403 3729 nibil
2432 3687 2649 3753 operae
2676 3664 2790 3727 im-

692 3768 1048 3855 penderunt,
1097 3777 1471 3838 consumant:
1517 3777 1752 3854 praeter
1779 3767 1976 3855 plura:
2017 3788 2089 3830 ex
2116 3767 2329 3853 quibus
2358 3777 2629 3831 constare
2655 3774 2789 3854 pot-

691 3879 807 3944 est,
852 3869 1011 3957 quod
1037 3870 1179 3947 illis,
1230 3876 1472 3955 propter
1497 3869 1719 3943 Usum,
1769 3890 1943 3957 quem
1985 3877 2284 3957 praestant
2313 3867 2532 3932 Generi
2576 3866 2787 3932 huma-

687 3989 802 4044 no,
840 3991 914 4034 ex
939 3969 1160 4035 influxu
1186 3969 1404 4036 Divino
1432 3990 1536 4057 per
1576 3968 1955 4057 Spiritualem
1983 3969 2307 4046 Mundum,
2350 3969 2425 4034 sit
2468 3968 2663 4034 forma
2688 3987 2782 4032 re-

687 4069 945 4156 giminis,
986 4071 1173 4159 qualis
1199 4081 1285 4137 est
1311 4071 1466 4159 apud
1493 4068 1761 4137 homines
1787 4070 1847 4134 in
1874 4070 2076 4146 terris,
2123 4069 2241 4134 imo
2268 4068 2421 4159 apud
2452 4071 2694 4157 angelos
2720 4069 2783 4132 in

690 4170 898 4240 Caelis.
949 4174 1114 4255 Quis,
1160 4173 1255 4238 cui
1280 4172 1435 4237 ratio
1460 4171 1685 4238 illibata
1716 4181 1832 4250 est,
1877 4192 2001 4237 non
2031 4171 2225 4248 videt,
2269 4170 2430 4257 quod
2455 4171 2599 4235 talia
2627 4169 2785 4260 apud

691 4271 823 4339 illos
865 4296 985 4340 non
1029 4275 1145 4340 sint
1187 4295 1259 4340 ex
1299 4272 1573 4338 Naturali
1619 4273 1871 4349 mundo;
1930 4272 2071 4362 quid
2113 4271 2245 4349 Sol,
2299 4290 2334 4335 a
2374 4292 2491 4368 qqo
2530 4271 2786 4345 Natura,
