3309 4775
1093 375 1161 424 78
1316 361 1770 416 UNIVERSA
1829 360 2357 413 'rttEoLOGtA
2415 361 2477 412 N.
2522 359 2584 411 C.
2629 360 2734 411 ET
2777 360 2845 416 N.
2886 359 2953 414 E.

1092 519 1310 583 malum
1355 526 1414 580 et
1461 515 1707 591 salsum,
1758 516 1916 601 quod
1958 514 2108 579 haec
2155 536 2226 578 ex
2271 514 2381 578 illis
2424 514 2695 578 distincte
2750 513 3181 600 percipiantur;

1091 621 1280 683 omnis
1305 619 1460 681 enim
1492 618 1676 705 quiin
1708 618 1865 681 bono
1903 626 1989 682 est
2019 626 2208 702 potest
2237 618 2537 704 percipere
2580 614 2828 690 malum,
2883 625 2942 677 et
2981 615 3082 701 qui
3122 615 3183 677 in

1091 741 1236 783 vero
1265 728 1450 823 potest
1481 719 1680 783 videre
1709 716 1950 791 falsum,
1986 738 2159 781 causa
2191 725 2276 780 est
2303 717 2439 803 quia
2472 716 2737 778 bonum
2722 737 2781 777 ιιι
2811 716 3005 780 calore
3037 715 3183 778 caeli

1090 830 1209 895 est,
1253 819 1322 883 ac
1348 840 1551 884 verum
1582 821 1641 881 in
1673 818 1797 882 luce
1827 821 1980 905 ejus,
2025 829 2086 882 at
2115 818 2374 881 malum
2359 840 2418 881 in
2447 816 2665 902 frigore
2702 816 2911 881 inferni
2954 827 3076 891 est,
3127 826 3185 880 et

1089 921 1346 985 falsum'
1332 942 1389 984 ιιι
1431 921 1677 1007 caligine
1718 920 1873 1003 eius3
1927 920 2083 1006 quod
2123 920 2400 984 illustrari
2441 928 2631 1005 potest
2671 941 2774 1004 per
2815 917 2968 994 hoc,
3023 918 3184 1004 quod

1093 1023 1299 1109 Angeli
1332 1021 1475 1085 caeli
1511 1022 1728 1109 possint
1758 1021 1955 1087 videre
1986 1020 2258 1107 quicquid
2302 1020 2600 1108 peragitur
2640 1020 2700 1082 in
2738 1014 3003 1094 inferno,
3063 1030 3185 1081 tum

1093 1123 1288 1211 qualia
1319 1133 1575 1186 monstra
1603 1133 1767 1195 sunt;
1809 1132 1869 1186 at
1901 1122 2147 1186 sicissim
2175 1122 2411 1209 spiritus
2450 1119 2671 1183 Inferni
2713 1142 2786 1183 ne
2825 1120 3004 1184 hilum
3052 1142 3188 1206 pos—

1095 1235 1230 1288 sunt
1272 1224 1470 1287 videre
1513 1224 1648 1310 quid
1698 1224 1998 1309 peragitur
2035 1223 2093 1285 in
2138 1220 2349 1299 Caelo,
2401 1231 2458 1286 et
2504 1243 2577 1285 ne
2624 1222 2859 1307 quidem
2904 1221 3191 1307 AngeloS,

1095 1326 1222 1412 plus
1250 1346 1423 1410 quam
1457 1345 1694 1401 caecus,
1747 1334 1846 1389 aut
1877 1322 2002 1411 plus
2029 1344 2205 1410 quam
2235 1322 2440 1387 oculus
2468 1332 2738 1407 spectans
2763 1324 2820 1387 in
2855 1327 3057 1386 aiirem
3088 1331 3190 1386 ant

1096 1426 1392 1488 aetherem
1421 1425 1663 1488 nudum.
1742 1424 1861 1494 Illi,
1916 1446 2164 1511 quorum
2196 1423 2535 1487 Intellectus
2562 1424 2618 1485 in
2649 1423 2777 1486 luce
2804 1445 2875 1487 ex
2898 1424 3192 1509 sapientia

1091 1537 1260 1602 sunt,
1323 1537 1456 1590 sunt
1509 1526 1725 1590 similes
1779 1526 1920 1603 illis,
1973 1526 2071 1613 qui
2119 1535 2383 1613 tempore
2442 1524 2702 1588 meridiei
2744 1535 2930 1611 ‘super
2976 1525 3191 1589 Monte

1092 1635 1281 1700 stant,
1334 1635 1392 1689 et
1425 1628 1619 1690 omnia
1666 1648 1815 1714 quae
1855 1625 2007 1690 infra
2048 1634 2213 1702 sunt,
2271 1625 2568 1713 perspicue
2606 1625 2839 1697 vident3
2884 1634 2945 1690 et
2981 1625 3191 1711 quirin

1093 1727 1285 1791 adhuc
1311 1729 1610 1814 superiore
1655 1728 1783 1791 luce
1812 1737 1977 1804 sunt,
2033 1729 2433 1814 comparative
2460 1738 2600 1790 sunt
2620 1728 2768 1791 sicut
2794 1726 2903 1801 illi,
2951 1728 3052 1812 qui
3083 1748 3190 1812 pet

1093 1830 1269 1893 tubos
1294 1831 1518 1915 opticos
1549 1830 1748 1892 vident
1779 1829 2249 1913 circumjacentia
2289 1839 2344 1891 et
2388 1827 2665 1892 inferiora
2707 1837 2984 1914 tanquam
3017 1848 3193 1915 prae·

1092 1931 1309 2000 sentia;
1367 1931 1534 1994 atilli
1563 1931 1749 2013 quiin
1777 1929 1937 1992 fatua
1974 1931 2101 1993 luce
2132 1929 2350 1992 Inferni
2379 1949 2449 1992 ex
2480 1927 2922 1993 confirmatione
2962 1928 3193 1991 falsita-

1093 2043 1214 2093 tum
1243 2043 1397 2105 sunt,
1440 2031 1654 2093 similes
1679 2042 1810 2094 sunt
1845 2031 1983 2107 illis,
2022 2030 2119 2116 qui
2145 2032 2203 2094 in
2232 2031 2437 2093 eodem
2469 2031 2674 2095 Monte
2705 2038 2968 2116 tempore
2994 2030 3192 2093 noctis

1091 2140 1248 2194 stant
1279 2153 1410 2192 cum
1425 2131 1692 2196 lucernis
1721 2133 1777 2193 in
1809 2133 2104 2207 manibus,
2156 2142 2214 2195 et
2242 2154 2359 2195 non
2391 2132 2589 2194 vident
2624 2131 2730 2194 nisi
2772 2132 3073 2220 proxima,
3129 2142 3191 2194 et

1093 2232 1175 2294 ibi
1203 2230 1423 2294 formas
1455 2232 1813 2306 indistincte,
1854 2244 1909 2296 et
1942 2234 2165 2296 colores
2202 2232 2458 2297 confuse.
2528 2232 2727 2295 Homo
2759 2232 2860 2317 qui
2895 2233 2956 2294 in
2983 2231 3191 2317 aliqua

1094 2333 1226 2396 luce
1257 2332 1376 2397 veri
1406 2342 1525 2408 est,
1577 2342 1634 2396 et
1665 2344 1860 2397 tannen
1891 2336 1947 2397 in
1982 2333 2133 2399 malo
2164 2335 2346 2410 vitae,
2402 2333 2449 2398 is
2477 2332 2613 2396 duni
2643 2332 2701 2396 in
2729 2332 2987 2418 jucundo
3016 2353 3191 2398 amo·

1089 2434 1168 2498 ris
1191 2437 1276 2498 sui
1309 2434 1444 2496 mali
1475 2444 1588 2510 est,
1639 2458 1756 2498 non
1792 2436 1947 2498 videt
1990 2457 2125 2498 vera
2159 2436 2329 2498 aliter
2362 2435 2421 2496 in
2452 2435 2766 2522 principio,
2821 2456 2995 2520 quam
3032 2435 3192 2498 sicut

1090 2536 1423 2622 vespertilio
1452 2535 1628 2600 lintea
1661 2558 1914 2624 appensa
1943 2536 1999 2598 in
2029 2538 2228 2621 aliquo
2259 2534 2465 2609 horto,
2519 2536 2593 2599 ad
2635 2557 2785 2621 quae
2834 2535 2992 2599 volat
3034 2535 3191 2599 sicut

1088 2637 1160 2699 ad
1187 2659 1289 2700 sua
1317 2638 1482 2725 azyla
1504 2686 1518 2710 ,
1575 2647 1630 2701 et
1662 2647 1860 2724 postea
1893 2636 1954 2700 fit
1983 2638 2128 2700 sicut
2158 2646 2406 2713 noctua,
2451 2646 2509 2699 et
2537 2637 2771 2710 demum
2798 2638 2948 2701 sicut
2990 2636 3189 2709 bubo;

1088 2745 1147 2799 et
1188 2745 1328 2801 tunc
1371 2737 1430 2801 fit
1471 2739 1618 2802 sicut
1665 2737 2032 2825 fuliginarius
2069 2739 2165 2824 qui
2212 2739 2270 2801 in
2311 2736 2487 2801 furvo
2535 2737 2748 2800 camini
2787 2736 3034 2813 haeret,
3087 2738 3194 2823 qui

1089 2837 1223 2900 dum
1253 2860 1481 2903 sursum
1510 2840 1702 2905 elevat
1735 2841 1967 2915 oculos,
2019 2849 2179 2904 trans
2207 2839 2430 2903 fumum
2461 2838 2619 2901 videt
2650 2837 2873 2902 caelum
2894 2887 2909 2914 ,
2958 2848 3016 2902 et
3051 2859 3191 2902 cum

1086 2938 1357 3003 deorsum
1387 2951 1639 3026 spectat,
1695 2942 1852 3011 videt
1881 2942 2107 3017 focum,
2163 2966 2194 3005 e
2225 2963 2341 3028 quo
2370 2939 2464 3002 ille
2495 2938 2703 3004 fumus.

1242 3045 1338 3102 62.
1393 3041 1739 3105 Tenendum
1788 3051 1902 3117 est,
1956 3042 2111 3128 quod
2160 3041 2456 3128 perceptio
2503 3041 2902 3127 oppositorum
2952 3039 3071 3102 alia
3111 3038 3194 3102 sit

1086 3163 1263 3227 quam
1311 3144 1602 3228 perceptio
1653 3143 2066 3214 relativorum;
2127 3143 2388 3228 opposita
2434 3142 2585 3203 euim
2633 3150 2767 3204 sunt
2813 3161 2965 3223 quae
3014 3149 3194 3203 extra

1085 3252 1256 3317 sunt,
1303 3252 1360 3304 et
1393 3255 1600 3307 contra
1633 3243 1730 3306 illa
1762 3263 1911 3329 quae
1939 3243 2121 3315 intra;
2178 3244 2502 3329 oppositum
2534 3243 2686 3304 enim
2718 3243 2998 3316 exoritur,
3042 3240 3195 3305 dum

1087 3364 1267 3406 unum
1317 3364 1556 3429 prorsus
1602 3344 1810 3407 desinit
1854 3364 1978 3406 esse
2025 3343 2278 3428 aliquid,
2332 3354 2389 3406 et
2432 3345 2680 3407 alterum
2730 3352 2872 3404 tunc
2919 3342 3195 3428 exsurgit

1086 3465 1218 3507 cum
1249 3454 1462 3506 conatu
1495 3443 1705 3528 agendi
1734 3451 1940 3506 contra
1975 3443 2131 3529 prius
2161 3442 2333 3517 illud,
2378 3446 2525 3507 sicut
2552 3453 2681 3507 rota
2712 3465 2862 3529 quae
2890 3443 3008 3528 agit
3040 3464 3195 3508 cou-

1085 3554 1174 3607 tra
1215 3553 1438 3616 rotam,
1502 3553 1561 3605 et
1617 3542 1837 3606 flumen
1891 3551 2096 3607 contra
2149 3542 2394 3608 flumen:
2462 3544 2734 3610 Relativa
2790 3553 2984 3607 autem
3041 3552 3196 3608 sunt

1083 3644 1474 3730 dispositionis
1503 3643 1753 3731 plurium
1783 3653 1839 3705 et
1868 3643 2265 3730 multiplicium
2310 3646 2366 3708 in
2410 3647 2674 3708 ordinem
2718 3657 2776 3708 ut
2819 3646 3197 3709 conveniant

1082 3757 1142 3808 et
1189 3746 1577 3817 concordent,
1640 3744 1789 3808 sicut
1838 3744 2055 3829 lapides
2105 3732 2342 3831 pretiosi
2392 3746 2753 3811 diversorum
2804 3745 3072 3810 colorum
3119 3746 3197 3811 in

1081 3844 1262 3908 fascia
1289 3866 1466 3930 super
1496 3855 1732 3930 pectore
1763 3847 2057 3932 Reginae,
2101 3857 2201 3911 aut
2238 3847 2387 3912 sicut
2418 3845 2593 3912 flores
2634 3847 3083 3937 diversicolores
3123 3847 3195 3910 in

1081 3952 1241 4010 serto
1269 3944 1343 4008 ad
1388 3946 1821 4031 procurandum
1860 3949 2275 4013 amaenitatem
2317 3948 2501 4020 visus;
2555 3957 2689 4011 sunt
2732 3968 2877 4035 ergo
2921 3948 3194 4014 relativa

1082 4047 1143 4109 in
1183 4054 1433 4134 utroque
1473 4048 1773 4136 opposito,
1817 4057 1937 4112 tam
1977 4050 2035 4112 in
2083 4050 2242 4113 bono
2282 4068 2458 4135 quam
2503 4047 2563 4111 in
2607 4049 2795 4123 malo,
2848 4056 2907 4111 et
2951 4056 3074 4112 tam
3120 4048 3194 4111 in

1087 4165 1233 4207 vero
1262 4167 1436 4231 quam
1463 4149 1523 4212 in
1549 4148 1696 4214 falso
1716 4197 1732 4225 ,
1786 4150 1868 4213 ita
1897 4148 2105 4224 tamin
2135 4147 2299 4212 caelo
2329 4167 2507 4233 quam
2534 4149 2595 4212 in
2622 4147 2896 4223 Inferno,
2946 4147 3053 4213 sed
3084 4169 3192 4211 re·

1088 4243 1267 4307 lativa
1296 4247 1354 4308 in
1381 4246 1608 4313 inferno
1636 4258 1773 4314 sunt
1806 4250 2003 4312 omnia
2048 4249 2315 4333 opposita
2353 4246 2616 4312 relativis
2654 4248 2715 4310 in
2747 4248 2941 4314 caelo:
2996 4249 3196 4313 Nunc
