3309 4775
606 393 677 444 11.
726 390 1135 443 pommus
1182 390 1764 445 nssosszuv‘ron.
1818 421 1877 458 -,
1931 373 2488 445 R'Eussmp'rlo.
2577 407 2681 454 163
2745 382 2748 385 ’

569 548 672 633 qui
702 567 734 608 a
762 543 1058 608 creatione
1086 543 1299 608 Mundi
1333 565 1438 630 per
1467 543 1619 606 mala
1653 544 1812 607 vitae
1850 554 1907 607 et
1948 544 2094 608 falsa
2140 543 2273 608 fidei
2304 544 2685 611 abalienave-

572 656 712 711 runt
739 669 799 711 se
829 667 862 708 a
892 646 1038 709 Deo,
1120 642 1424 721 Alterum,
1478 643 1686 737 quali-5·
1717 640 1981 710 altitudo
2008 659 2064 709 et
2105 644 2428 710 mundatio
2460 643 2689 734 itfirni

569 771 756 838 super
804 769 1143 810 antversum
1185 745 1493 810 Mundum
1533 743 1860 838 Spirituum
1914 760 2173 838 tempore
2217 745 2514 811 adventus
2554 748 2684 813 Do-

570 873 715 912 mzm
708 843 908 934 suit,
978 846 1345 932 aliquantum
1392 847 1451 909 in
1499 846 1987 932 praecedentibus
2033 844 2313 912 Articulis
2355 849 2681 936 expositum

570 960 686 1022 cst3
748 948 934 1033 qualis
976 947 1087 1010 fuit
1134 956 1402 1035 tempore
1451 946 1619 1034 primi
1673 944 2013 1032 Adventus,
2066 971 2184 1010 non
2239 948 2414 1012 alicui
2473 959 2679 1014 notum

570 1049 791 1114 factum
835 1057 953 1122 est,
1021 1047 1156 1134 quia
1199 1070 1318 1110 non
1364 1048 1421 1110 in
1466 1070 1640 1112 sensu
1687 1047 1892 1112 literae
1934 1048 2117 1115 Verbi
2163 1049 2525 1121 revelatum;
2578 1051 2681 1115 sed

571 1149 765 1235 qualis
793 1149 900 1213 fuit
930 1158 1195 1236 tempore
1225 1149 1464 1212 secundi
1499 1148 1805 1212 Adventus
1831 1149 2049 1236 Ipsius,
2096 1149 2280 1214 oculis
2308 1149 2453 1214 meis
2479 1151 2681 1215 videre

569 1251 773 1314 datum
805 1260 921 1324 est,
969 1271 1042 1312 ex
1072 1271 1189 1335 quo
1219 1249 1290 1312 de
1320 1249 1500 1334 priori
1531 1249 1800 1311 concludi
1831 1260 2054 1336 potest,
2098 1260 2157 1314 et
2185 1251 2298 1313 hoc
2326 1251 2682 1339 descriptum

570 1362 659 1414 est
702 1353 760 1414 in
799 1349 1104 1439 Opusculo
1144 1349 1215 1411 de
1247 1350 1506 1414 Uurnuo
1532 1350 1570 1412 J
1583 1369 1799 1414 ummo
1829 1351 2081 1413 Londini
2128 1373 2233 1413 an:
2290 1356 2461 1414 1758
2504 1352 2682 1428 edito,

571 1452 821 1539 pariter,
867 1476 992 1543 qua
1021 1454 1296 1543 potentia
1325 1450 1623 1515 Dominus
1658 1447 1957 1538 iefiernum
1989 1449 2147 1517 illud
2172 1450 2388 1538 dejecit
2414 1464 2471 1517 ei
2499 1451 2679 1518 dissi-

563 1558 737 1645 pavit
751 1583 771 1627 ,·
822 1553 921 1617 sed
952 1552 1068 1616 huc
1095 1550 1415 1616 transferre
1442 1552 1576 1628 illa,
1630 1574 1782 1637 quae
1828 1574 1897 1616 ex
1937 1553 2203 1640 autopsia
2246 1554 2306 1616 in
2345 1553 2446 1617 illo
2489 1552 2684 1639 Opus·

572 1654 710 1716 culo
752 1655 1043 1739 descripta
1085 1664 1256 1726 sunt,
1311 1675 1528 1716 vanum
1579 1675 1725 1739 opus
1766 1663 1881 1729 est,
1936 1654 2071 1738 quia
2113 1663 2332 1730 exstat,
2384 1663 2445 1716 et
2489 1652 2686 1719 adhuc

571 1754 951 1843 Exemplaria
1003 1754 1063 1815 in
1122 1755 1287 1840 copia
1341 1753 1592 1816 Londini
1647 1753 1805 1839 apud
1856 1755 2325 1842 Typographum
2377 1764 2683 1819 reservata

567 1866 740 1928 sunt;
796 1856 1074 1943 quisque,
1128 1856 1224 1940 qui
1271 1850 1413 1916 illud
1455 1854 1631 1940 legit,
1687 1855 1842 1917 clare
1889 1855 2089 1918 videre
2139 1865 2365 1943 potest,
2420 1854 2576 1942 quod
2624 1854 2690 1918 id-

569 1955 1012 2040 Omnipotentis
1044 1955 1153 2018 Dei
1184 1954 1350 2041 Opus
1381 1954 1577 2018 fuerit.
1670 1953 1996 2032 Quartum,
2049 1955 2351 2048 quomodo
2384 1955 2685 2020 Dominus
2741 1950 2755 1963 ⁶

568 2062 779 2121 omnia
806 2070 925 2121 tam
955 2060 1018 2120 in
1050 2054 1234 2120 Caelo
1261 2081 1442 2148 quam
1480 2058 1542 2118 in
1570 2050 1827 2143 Irffemo
1845 2071 2069 2148 postea
2097 2061 2159 2121 in
2201 2057 2470 2122 ordinem
2515 2056 2684 2122 rede·

561 2162 690 2247 git,
746 2157 1005 2220 nondum
1048 2179 1080 2218 a
1123 2179 1214 2220 me
1260 2166 1348 2221 est
1390 2155 1779 2245 descriptum,
1831 2158 2110 2242 quoniam
2153 2158 2447 2221 ordinatio
2490 2158 2685 2221 caelo-

569 2280 707 2320 rum
749 2252 813 2322 et⁴
845 2256 1247 2334 infernorum,
1302 2279 1334 2321 a
1377 2258 1471 2320 die
1512 2256 1719 2321 Ultimi
1763 2258 1978 2320 Judicii
2024 2259 2322 2345 usquead
2359 2257 2682 2322 hodienum

572 2369 806 2446 tempus
835 2359 1118 2446 perstitit,
1173 2367 1230 2422 et
1259 2358 1451 2423 adbuc
1482 2367 1733 2443 perstat;
1788 2369 1873 2423 ast
1919 2369 2048 2446 post
2086 2358 2245 2424 bunc
2275 2359 2518 2426 Librum
2560 2359 2684 2422 edi-

571 2470 737 2535 tum,
790 2461 837 2523 si
882 2460 1277 2536 desideratur,
1333 2462 1389 2522 in
1434 2458 1731 2547 publicum
1773 2460 2041 2533 dabitur;
2109 2462 2264 2546 quod
2311 2483 2406 2524 me
2454 2460 2683 2536 attinet,

578 2560 781 2646 quoad
809 2560 960 2623 hanc
988 2583 1143 2634 rem,
1191 2560 1400 2646 quovis
1429 2561 1519 2624 die
1542 2561 1665 2623 vidi
1694 2570 1753 2624 et
1781 2561 1952 2625 video
1981 2560 2487 2649 omnipotentiam
2518 2560 2689 2623 Divi·

577 2683 719 2723 nam
753 2661 990 2724 Domini
1020 2664 1170 2726 sicut
1205 2663 1259 2723 in
1292 2660 1471 2730 facie;
1525 2670 1585 2724 at
1617 2671 1977 2748 postremum
2019 2661 2132 2726 hoc
2172 2661 2405 2749 proprie
2445 2672 2533 2726 est
2563 2660 2687 2724 Re-

574 2762 965 2850 demptionis,
1019 2764 1179 2850 prius
1211 2772 1419 2825 >autem
1466 2761 1608 2824 illud
1650 2761 1885 2849 proprie
1930 2771 2018 2827 est
2058 2762 2263 2826 Ultimi
2302 2761 2533 2847 judicii,
2584 2760 2689 2846 qui

509 2911 515 2916 -
569 2863 700 2925 duo
745 2861 844 2927 illa
887 2863 1156 2926 distincte
1198 2864 1532 2938 intuentur,
1587 2862 1667 2924 illi
1714 2872 1954 2948 possunt
1998 2862 2199 2950 plura,
2254 2882 2405 2948 quae
2446 2862 2507 2925 in
2548 2883 2688 2947 pro·
2743 2933 2754 2938 ,

569 2961 827 3050 pheticis
851 2964 1031 3028 Verbi
1066 2964 1175 3026 sub
1221 2962 1423 3048 figuris
1467 2962 1770 3026 concelata
1810 2972 1975 3038 sunt,
2029 2973 2087 3026 et
2134 2971 2330 3026 tamen
2373 2963 2683 3049 descripta,

567 3064 716 3126 dum
749 3086 851 3150 per
881 3064 1327 3148 explicationem
1360 3063 2016 3150 correspondentiarum
2047 3064 2105 3126 in
2136 3062 2323 3126 lucem
2355 3063 2687 3127 intellectus

566 3164 1042 3250 protrahuntur,
1095 3164 1312 3226 videre.
1397 3164 1533 3226 Hoc
1563 3173 1621 3228 et
1649 3164 1790 3227 illud
1820 3183 1966 3248 opus
1994 3164 2306 3241 Divinum,
2356 3185 2476 3226 non
2514 3163 2685 3227 aliter

560 3263 854 3328 illustrari
900 3275 1122 3351 potest,
1177 3287 1352 3351 quam
1387 3285 1488 3350 per
1519 3264 2021 3351 comparationes,
2069 3265 2174 3328 sed
2218 3284 2683 3351 usquerparum3

563 3365 855 3429 illustrari
885 3375 1074 3453 potest
1107 3386 1210 3450 per
1237 3365 1779 3453 comparationem,
1833 3386 1965 3427 curn
2010 3385 2205 3451 pugna
2251 3375 2458 3429 contra
2503 3364 2685 3428 Exer-

563 3465 726 3529 citus
773 3469 1035 3529 omnium
1081 3464 1362 3529 Gentium
1409 3466 1463 3527 in
1512 3465 1807 3530 Universo
1855 3466 2081 3529 Mundo
2123 3466 2439 3529 instructos
2482 3464 2685 3540 hastis,

554 3566 784 3640 scutis,
830 3566 1068 3651 gladiis,
1112 3567 1386 3651 sclopetis
1414 3576 1470 3629 et
1501 3566 1875 3639 bombardis,
1905 3565 2192 3630 habentes
2222 3566 2401 3630 duces
2429 3574 2485 3628 et
2516 3585 2687 3652 prae-

554 3666 758 3730 sectos
788 3669 1033 3732 callidos
1059 3676 1116 3729 et
1143 3677 1395 3736 astut0s3
1449 3666 1561 3729 hoc
1589 3668 1835 3741 dicitur,
1888 3669 2025 3751 quia
2050 3666 2321 3753 'plerique
2351 3667 2408 3729 in
2439 3664 2680 3730 lnferno

552 3776 731 3830 artes
778 3769 834 3829 in
885 3768 1112 3831 Mundo
1147 3779 1349 3831 nostro
1394 3769 1622 3853 ignotas
1669 3767 1912 3840 callent,
1968 3769 2026 3829 in
2071 3767 2282 3852 quibus
2326 3787 2388 3830 se
2429 3766 2584 3830 inter
2621 3786 2685 3831 se

546 3878 882 3942 exercent,
939 3869 1236 3954 quomodo
1291 3857 1654 3952 aggressuri,
1712 3867 2073 3941 insidiaturi,
2139 3867 2431 3933 obsessuri
2478 3877 2538 3930 et
2576 3868 2685 3929 im-

548 3969 890 4054 pugnaturi
937 3969 1067 4032 illos
1113 3968 1212 4054 qui
1259 3968 1440 4032 Coelo
1488 3978 1647 4032 sunt.
1731 3969 1938 4053 Pugna
1981 3967 2220 4042 Domini
2264 3989 2394 4031 cum
2440 3966 2683 4030 Inferno

544 4069 747 4130 etiam
779 4078 969 4155 potest
999 4070 1361 4154 comparari,
1415 4078 1675 4133 attamen
1706 4090 1946 4155 parum,
1993 4088 2124 4130 cum
2156 4088 2352 4155 pugna
2384 4088 2513 4130 cum
2546 4065 2686 4131 feris

542 4169 748 4232 totius
794 4169 977 4233 Orbis
1020 4179 1349 4245 terrarum,
1402 4191 1475 4233 ac
1517 4191 1647 4232 cum
1694 4169 1929 4233 illarum
1973 4175 2171 4254 strage
2218 4166 2683 4241 et.domatione,

540 4289 754 4355 usque
785 4271 924 4333 dum
970 4270 1128 4333 nulla
1168 4270 1402 4334 illarum
1432 4269 1617 4333 hiscat
1649 4268 1916 4355 prodire,
1971 4276 2030 4331 et
2076 4267 2353 4332 insultum
2394 4268 2453 4329 in
2499 4265 2684 4329 ullum

2150 4367 2199 4428 L
2228 4366 2266 4403 ᾗ(
