<?xml version="1.0" encoding="UTF-8"?>
<!DOCTYPE html PUBLIC "-//W3C//DTD XHTML 1.0 Transitional//EN"
    "http://www.w3.org/TR/xhtml1/DTD/xhtml1-transitional.dtd">
<html xmlns="http://www.w3.org/1999/xhtml" xml:lang="en" lang="en">
 <head>
  <title>
</title>
<meta http-equiv="Content-Type" content="text/html;charset=utf-8" />
  <meta name='ocr-system' content='tesseract 3.04.00' />
  <meta name='ocr-capabilities' content='ocr_page ocr_carea ocr_par ocr_line ocrx_word'/>
</head>
<body>
  <div class='ocr_page' id='page_1' title='image "./verachristianar00tafegoog_0055.png"; bbox 0 0 3309 4775; ppageno 0'>
   <div class='ocr_carea' id='block_1_1' title="bbox 709 339 2583 399">
    <p class='ocr_par' dir='ltr' id='par_1_1' title="bbox 709 339 2583 399">
     <span class='ocr_line' id='line_1_1' title="bbox 709 339 2583 399; baseline 0.002 -4"><span class='ocrx_word' id='word_1_1' title='bbox 709 346 750 395; x_wconf 88' lang='lat'>1.</span> <span class='ocrx_word' id='word_1_2' title='bbox 834 343 1056 397; x_wconf 84' lang='lat' dir='ltr'><strong>DEUS</strong></span> <span class='ocrx_word' id='word_1_3' title='bbox 1099 343 1538 395; x_wconf 70' lang='lat' dir='ltr'>CREA&#39;POR.</span> <span class='ocrx_word' id='word_1_4' title='bbox 1585 373 1649 382; x_wconf 89' lang='lat'>—</span> <span class='ocrx_word' id='word_1_5' title='bbox 1697 339 2165 398; x_wconf 72' lang='lat' dir='ltr'>mFtNl&#39;rAs</span> <span class='ocrx_word' id='word_1_6' title='bbox 2207 340 2374 392; x_wconf 76' lang='lat' dir='ltr'><strong>DEI.</strong></span> <span class='ocrx_word' id='word_1_7' title='bbox 2515 352 2583 399; x_wconf 63' lang='lat'>5⁸9</span> 
     </span>
    </p>
   </div>
   <div class='ocr_carea' id='block_1_2' title="bbox 464 494 2682 4222">
    <p class='ocr_par' dir='ltr' id='par_1_2' title="bbox 464 494 2682 4222">
     <span class='ocr_line' id='line_1_2' title="bbox 495 494 2591 586; baseline -0.002 -24"><span class='ocrx_word' id='word_1_8' title='bbox 495 510 553 562; x_wconf 87' lang='lat' dir='ltr'>et</span> <span class='ocrx_word' id='word_1_9' title='bbox 585 500 740 586; x_wconf 81' lang='lat' dir='ltr'>quod</span> <span class='ocrx_word' id='word_1_10' title='bbox 775 518 842 561; x_wconf 87' lang='lat' dir='ltr'>ex</span> <span class='ocrx_word' id='word_1_11' title='bbox 873 498 1115 573; x_wconf 84' lang='lat' dir='ltr'>Calore,</span> <span class='ocrx_word' id='word_1_12' title='bbox 1164 499 1266 583; x_wconf 83' lang='lat' dir='ltr'>qui</span> <span class='ocrx_word' id='word_1_13' title='bbox 1299 497 1562 584; x_wconf 78' lang='lat' dir='ltr'><strong>procedit</strong></span> <span class='ocrx_word' id='word_1_14' title='bbox 1589 518 1660 559; x_wconf 79' lang='lat' dir='ltr'>ex</span> <span class='ocrx_word' id='word_1_15' title='bbox 1689 496 1787 560; x_wconf 88' lang='lat' dir='ltr'>illo</span> <span class='ocrx_word' id='word_1_16' title='bbox 1814 496 1986 571; x_wconf 88' lang='lat' dir='ltr'>Sole,</span> <span class='ocrx_word' id='word_1_17' title='bbox 2038 496 2112 559; x_wconf 89' lang='lat' dir='ltr'>sit</span> <span class='ocrx_word' id='word_1_18' title='bbox 2147 494 2369 582; x_wconf 77' lang='lat' dir='ltr'>angelis</span> <span class='ocrx_word' id='word_1_19' title='bbox 2396 504 2454 558; x_wconf 90' lang='lat' dir='ltr'>et</span> <span class='ocrx_word' id='word_1_20' title='bbox 2483 494 2591 560; x_wconf 86' lang='lat' dir='ltr'>ho·</span> 
     </span>
     <span class='ocr_line' id='line_1_3' title="bbox 498 595 2593 685; baseline -0.001 -23"><span class='ocrx_word' id='word_1_21' title='bbox 498 602 754 664; x_wconf 75' lang='lat' dir='ltr'>minibus</span> <span class='ocrx_word' id='word_1_22' title='bbox 779 600 1069 663; x_wconf 82' lang='lat' dir='ltr'>Voluntas</span> <span class='ocrx_word' id='word_1_23' title='bbox 1097 598 1398 675; x_wconf 75' lang='lat' dir='ltr'>etAnior,</span> <span class='ocrx_word' id='word_1_24' title='bbox 1447 608 1504 661; x_wconf 89' lang='lat' dir='ltr'>et</span> <span class='ocrx_word' id='word_1_25' title='bbox 1545 598 1705 685; x_wconf 75' lang='lat' dir='ltr'>quod</span> <span class='ocrx_word' id='word_1_26' title='bbox 1745 620 1816 659; x_wconf 80' lang='lat' dir='ltr'>ex</span> <span class='ocrx_word' id='word_1_27' title='bbox 1858 598 2015 660; x_wconf 88' lang='lat' dir='ltr'>Luce</span> <span class='ocrx_word' id='word_1_28' title='bbox 2056 597 2197 660; x_wconf 57' lang='lat' dir='ltr'>inde*</span> <span class='ocrx_word' id='word_1_29' title='bbox 2229 596 2301 659; x_wconf 92' lang='lat' dir='ltr'>sit</span> <span class='ocrx_word' id='word_1_30' title='bbox 2342 595 2456 661; x_wconf 90' lang='lat' dir='ltr'>illis</span> <span class='ocrx_word' id='word_1_31' title='bbox 2494 597 2593 660; x_wconf 89' lang='lat' dir='ltr'>In-</span> 
     </span>
     <span class='ocr_line' id='line_1_4' title="bbox 496 693 2595 786; baseline -0.001 -23"><span class='ocrx_word' id='word_1_32' title='bbox 496 702 766 765; x_wconf 88' lang='lat' dir='ltr'>tellectus</span> <span class='ocrx_word' id='word_1_33' title='bbox 818 710 876 765; x_wconf 90' lang='lat' dir='ltr'>et</span> <span class='ocrx_word' id='word_1_34' title='bbox 917 700 1247 786; x_wconf 80' lang='lat' dir='ltr'>Sapientia;</span> <span class='ocrx_word' id='word_1_35' title='bbox 1303 693 1360 763; x_wconf 85' lang='lat' dir='ltr'>et</span> <span class='ocrx_word' id='word_1_36' title='bbox 1401 700 1557 784; x_wconf 87' lang='lat' dir='ltr'>quod</span> <span class='ocrx_word' id='word_1_37' title='bbox 1599 697 1697 761; x_wconf 89' lang='lat' dir='ltr'>illa</span> <span class='ocrx_word' id='word_1_38' title='bbox 1738 720 1892 784; x_wconf 83' lang='lat' dir='ltr'>quae</span> <span class='ocrx_word' id='word_1_39' title='bbox 1931 698 2067 762; x_wconf 90' lang='lat' dir='ltr'>inde</span> <span class='ocrx_word' id='word_1_40' title='bbox 2105 706 2270 771; x_wconf 85' lang='lat' dir='ltr'>sunt,</span> <span class='ocrx_word' id='word_1_41' title='bbox 2326 698 2595 775; x_wconf 82' lang='lat' dir='ltr'>dicantur</span> 
     </span>
     <span class='ocr_line' id='line_1_5' title="bbox 497 799 2596 891; baseline -0.002 -26"><span class='ocrx_word' id='word_1_42' title='bbox 497 802 857 891; x_wconf 69' lang='lat' dir='ltr'>spiritualia,</span> <span class='ocrx_word' id='word_1_43' title='bbox 911 810 970 864; x_wconf 88' lang='lat' dir='ltr'>et</span> <span class='ocrx_word' id='word_1_44' title='bbox 1000 803 1159 887; x_wconf 85' lang='lat' dir='ltr'>quod</span> <span class='ocrx_word' id='word_1_45' title='bbox 1198 801 1294 864; x_wconf 88' lang='lat' dir='ltr'>illa</span> <span class='ocrx_word' id='word_1_46' title='bbox 1336 824 1487 888; x_wconf 89' lang='lat' dir='ltr'>quae</span> <span class='ocrx_word' id='word_1_47' title='bbox 1529 823 1600 865; x_wconf 80' lang='lat' dir='ltr'>ex</span> <span class='ocrx_word' id='word_1_48' title='bbox 1639 800 1777 863; x_wconf 88' lang='lat' dir='ltr'>Sole</span> <span class='ocrx_word' id='word_1_49' title='bbox 1818 800 2024 864; x_wconf 84' lang='lat' dir='ltr'>Mundi</span> <span class='ocrx_word' id='word_1_50' title='bbox 2070 799 2430 884; x_wconf 88' lang='lat' dir='ltr'>procedunt,</span> <span class='ocrx_word' id='word_1_51' title='bbox 2479 800 2596 862; x_wconf 89' lang='lat' dir='ltr'>sint</span> 
     </span>
     <span class='ocr_line' id='line_1_6' title="bbox 501 898 2595 988; baseline 0 -24"><span class='ocrx_word' id='word_1_52' title='bbox 501 904 860 966; x_wconf 73' lang='lat' dir='ltr'>cotitinentia</span> <span class='ocrx_word' id='word_1_53' title='bbox 888 925 990 966; x_wconf 91' lang='lat' dir='ltr'>seu</span> <span class='ocrx_word' id='word_1_54' title='bbox 1030 902 1398 988; x_wconf 77' lang='lat' dir='ltr'>receptacula</span> <span class='ocrx_word' id='word_1_55' title='bbox 1434 902 1621 975; x_wconf 86' lang='lat' dir='ltr'>vitae,</span> <span class='ocrx_word' id='word_1_56' title='bbox 1677 911 1733 963; x_wconf 89' lang='lat' dir='ltr'>et</span> <span class='ocrx_word' id='word_1_57' title='bbox 1774 902 2044 963; x_wconf 89' lang='lat' dir='ltr'>dicantur</span> <span class='ocrx_word' id='word_1_58' title='bbox 2071 898 2416 965; x_wconf 76' lang='lat' dir='ltr'>Naturalia:</span> <span class='ocrx_word' id='word_1_59' title='bbox 2471 911 2595 964; x_wconf 83' lang='lat' dir='ltr'>tum</span> 
     </span>
     <span class='ocr_line' id='line_1_7' title="bbox 502 1002 2598 1090; baseline -0.001 -23"><span class='ocrx_word' id='word_1_60' title='bbox 502 1005 662 1090; x_wconf 89' lang='lat' dir='ltr'>quod</span> <span class='ocrx_word' id='word_1_61' title='bbox 690 1004 1026 1089; x_wconf 83' lang='lat' dir='ltr'>Expansum</span> <span class='ocrx_word' id='word_1_62' title='bbox 1057 1003 1255 1066; x_wconf 83' lang='lat' dir='ltr'>Centri</span> <span class='ocrx_word' id='word_1_63' title='bbox 1286 1004 1441 1066; x_wconf 88' lang='lat' dir='ltr'>vitae</span> <span class='ocrx_word' id='word_1_64' title='bbox 1468 1004 1698 1066; x_wconf 86' lang='lat' dir='ltr'>dicatur</span> <span class='ocrx_word' id='word_1_65' title='bbox 1726 1003 2004 1067; x_wconf 69' lang='lat' dir='ltr'>Munnns</span> <span class='ocrx_word' id='word_1_66' title='bbox 2030 1002 2457 1078; x_wconf 61' lang='lat' dir='ltr'>Smruruams,</span> <span class='ocrx_word' id='word_1_67' title='bbox 2498 1002 2598 1089; x_wconf 88' lang='lat' dir='ltr'>qui</span> 
     </span>
     <span class='ocr_line' id='line_1_8' title="bbox 505 1101 2601 1190; baseline -0 -24"><span class='ocrx_word' id='word_1_68' title='bbox 505 1128 575 1167; x_wconf 77' lang='lat' dir='ltr'>ex</span> <span class='ocrx_word' id='word_1_69' title='bbox 604 1128 710 1168; x_wconf 91' lang='lat' dir='ltr'>suo</span> <span class='ocrx_word' id='word_1_70' title='bbox 737 1105 876 1169; x_wconf 85' lang='lat' dir='ltr'>Sole</span> <span class='ocrx_word' id='word_1_71' title='bbox 903 1104 1193 1177; x_wconf 84' lang='lat' dir='ltr'>subsistit,</span> <span class='ocrx_word' id='word_1_72' title='bbox 1248 1114 1306 1167; x_wconf 82' lang='lat' dir='ltr'>et</span> <span class='ocrx_word' id='word_1_73' title='bbox 1346 1104 1503 1189; x_wconf 83' lang='lat' dir='ltr'>quod</span> <span class='ocrx_word' id='word_1_74' title='bbox 1541 1104 1874 1190; x_wconf 83' lang='lat' dir='ltr'>Expansum</span> <span class='ocrx_word' id='word_1_75' title='bbox 1907 1103 2107 1167; x_wconf 87' lang='lat' dir='ltr'>Centri</span> <span class='ocrx_word' id='word_1_76' title='bbox 2134 1101 2403 1166; x_wconf 83' lang='lat' dir='ltr'>Naturae</span> <span class='ocrx_word' id='word_1_77' title='bbox 2444 1102 2601 1166; x_wconf 89' lang='lat' dir='ltr'>dica-</span> 
     </span>
     <span class='ocr_line' id='line_1_9' title="bbox 464 1202 2599 1292; baseline 0 -24"><span class='ocrx_word' id='word_1_78' title='bbox 464 1202 468 1208; x_wconf 81' lang='grc'><strong>’</strong></span> <span class='ocrx_word' id='word_1_79' title='bbox 510 1218 604 1269; x_wconf 89' lang='lat' dir='ltr'>tur</span> <span class='ocrx_word' id='word_1_80' title='bbox 632 1207 907 1271; x_wconf 76' lang='lat' dir='ltr'>Mmmus</span> <span class='ocrx_word' id='word_1_81' title='bbox 935 1206 1332 1280; x_wconf 67' lang='lat' dir='ltr'>NATURAHS,</span> <span class='ocrx_word' id='word_1_82' title='bbox 1378 1205 1574 1292; x_wconf 86' lang='lat' dir='ltr'>quiex</span> <span class='ocrx_word' id='word_1_83' title='bbox 1599 1227 1707 1268; x_wconf 91' lang='lat' dir='ltr'>suo</span> <span class='ocrx_word' id='word_1_84' title='bbox 1736 1202 1872 1268; x_wconf 89' lang='lat' dir='ltr'>Sole</span> <span class='ocrx_word' id='word_1_85' title='bbox 1911 1202 2186 1267; x_wconf 70' lang='lat' dir='ltr'>subsistit.</span> <span class='ocrx_word' id='word_1_86' title='bbox 2241 1203 2422 1270; x_wconf 84' lang='lat' dir='ltr'>Nunc</span> <span class='ocrx_word' id='word_1_87' title='bbox 2460 1205 2599 1290; x_wconf 88' lang='lat' dir='ltr'>quia</span> 
     </span>
     <span class='ocr_line' id='line_1_10' title="bbox 511 1304 2600 1393; baseline -0.001 -23"><span class='ocrx_word' id='word_1_88' title='bbox 511 1311 581 1370; x_wconf 85' lang='lat' dir='ltr'>de</span> <span class='ocrx_word' id='word_1_89' title='bbox 613 1305 831 1370; x_wconf 81' lang='lat' dir='ltr'>Amore</span> <span class='ocrx_word' id='word_1_90' title='bbox 871 1316 928 1369; x_wconf 89' lang='lat' dir='ltr'>et</span> <span class='ocrx_word' id='word_1_91' title='bbox 965 1306 1263 1391; x_wconf 77' lang='lat' dir='ltr'>Sapientia</span> <span class='ocrx_word' id='word_1_92' title='bbox 1305 1328 1422 1369; x_wconf 93' lang='lat' dir='ltr'>non</span> <span class='ocrx_word' id='word_1_93' title='bbox 1464 1305 1792 1392; x_wconf 86' lang='lat' dir='ltr'>praedicari</span> <span class='ocrx_word' id='word_1_94' title='bbox 1830 1313 2071 1393; x_wconf 82' lang='lat' dir='ltr'>possunt</span> <span class='ocrx_word' id='word_1_95' title='bbox 2097 1304 2297 1389; x_wconf 87' lang='lat' dir='ltr'>Spatia</span> <span class='ocrx_word' id='word_1_96' title='bbox 2335 1314 2396 1368; x_wconf 88' lang='lat' dir='ltr'>et</span> <span class='ocrx_word' id='word_1_97' title='bbox 2421 1306 2600 1369; x_wconf 88' lang='lat' dir='ltr'>Tem-</span> 
     </span>
     <span class='ocr_line' id='line_1_11' title="bbox 511 1405 2598 1494; baseline -0.001 -24"><span class='ocrx_word' id='word_1_98' title='bbox 511 1429 687 1494; x_wconf 85' lang='lat' dir='ltr'>pora,</span> <span class='ocrx_word' id='word_1_99' title='bbox 743 1408 842 1471; x_wconf 89' lang='lat' dir='ltr'>sed</span> <span class='ocrx_word' id='word_1_100' title='bbox 890 1430 994 1491; x_wconf 86' lang='lat' dir='ltr'>pro</span> <span class='ocrx_word' id='word_1_101' title='bbox 1038 1407 1148 1469; x_wconf 90' lang='lat' dir='ltr'>illis</span> <span class='ocrx_word' id='word_1_102' title='bbox 1197 1406 1428 1480; x_wconf 88' lang='lat' dir='ltr'>Status,</span> <span class='ocrx_word' id='word_1_103' title='bbox 1483 1409 1749 1493; x_wconf 84' lang='lat' dir='ltr'>sequitur</span> <span class='ocrx_word' id='word_1_104' title='bbox 1794 1405 1953 1490; x_wconf 88' lang='lat' dir='ltr'>quod</span> <span class='ocrx_word' id='word_1_105' title='bbox 1999 1406 2331 1492; x_wconf 83' lang='lat' dir='ltr'>Expansum</span> <span class='ocrx_word' id='word_1_106' title='bbox 2375 1406 2598 1469; x_wconf 88' lang='lat' dir='ltr'>circum</span> 
     </span>
     <span class='ocr_line' id='line_1_12' title="bbox 507 1504 2598 1593; baseline 0 -22"><span class='ocrx_word' id='word_1_107' title='bbox 507 1507 703 1571; x_wconf 90' lang='lat' dir='ltr'>Solem</span> <span class='ocrx_word' id='word_1_108' title='bbox 737 1507 897 1571; x_wconf 87' lang='lat' dir='ltr'>Caeli</span> <span class='ocrx_word' id='word_1_109' title='bbox 924 1504 1191 1593; x_wconf 82' lang='lat' dir='ltr'>Angelici</span> <span class='ocrx_word' id='word_1_110' title='bbox 1235 1530 1348 1569; x_wconf 87' lang='lat' dir='ltr'>non</span> <span class='ocrx_word' id='word_1_111' title='bbox 1393 1509 1464 1571; x_wconf 87' lang='lat' dir='ltr'>sit</span> <span class='ocrx_word' id='word_1_112' title='bbox 1494 1505 1850 1583; x_wconf 80' lang='lat' dir='ltr'>Extensum,</span> <span class='ocrx_word' id='word_1_113' title='bbox 1906 1507 2004 1573; x_wconf 90' lang='lat' dir='ltr'>sed</span> <span class='ocrx_word' id='word_1_114' title='bbox 2033 1506 2308 1590; x_wconf 83' lang='lat' dir='ltr'>usquein</span> <span class='ocrx_word' id='word_1_115' title='bbox 2337 1507 2598 1571; x_wconf 85' lang='lat' dir='ltr'>Extenso</span> 
     </span>
     <span class='ocr_line' id='line_1_13' title="bbox 503 1608 2600 1697; baseline 0 -25"><span class='ocrx_word' id='word_1_116' title='bbox 503 1608 658 1673; x_wconf 87' lang='lat' dir='ltr'>Solis</span> <span class='ocrx_word' id='word_1_117' title='bbox 686 1610 996 1684; x_wconf 83' lang='lat' dir='ltr'>naturalis,</span> <span class='ocrx_word' id='word_1_118' title='bbox 1041 1618 1100 1672; x_wconf 92' lang='lat' dir='ltr'>et</span> <span class='ocrx_word' id='word_1_119' title='bbox 1128 1608 1281 1695; x_wconf 82' lang='lat' dir='ltr'>apud</span> <span class='ocrx_word' id='word_1_120' title='bbox 1308 1608 1570 1694; x_wconf 88' lang='lat' dir='ltr'>subjecta</span> <span class='ocrx_word' id='word_1_121' title='bbox 1598 1609 1734 1672; x_wconf 87' lang='lat' dir='ltr'>viva</span> <span class='ocrx_word' id='word_1_122' title='bbox 1765 1608 1848 1672; x_wconf 90' lang='lat' dir='ltr'>ibi</span> <span class='ocrx_word' id='word_1_123' title='bbox 1870 1610 2187 1673; x_wconf 88' lang='lat' dir='ltr'>secundum</span> <span class='ocrx_word' id='word_1_124' title='bbox 2217 1609 2600 1697; x_wconf 82' lang='lat' dir='ltr'>receptiones,</span> 
     </span>
     <span class='ocr_line' id='line_1_14' title="bbox 510 1709 2603 1798; baseline 0 -25"><span class='ocrx_word' id='word_1_125' title='bbox 510 1720 566 1773; x_wconf 86' lang='lat' dir='ltr'>et</span> <span class='ocrx_word' id='word_1_126' title='bbox 597 1709 961 1798; x_wconf 80' lang='lat' dir='ltr'>receptiones</span> <span class='ocrx_word' id='word_1_127' title='bbox 987 1709 1306 1773; x_wconf 88' lang='lat' dir='ltr'>secundum</span> <span class='ocrx_word' id='word_1_128' title='bbox 1336 1709 1558 1774; x_wconf 84' lang='lat' dir='ltr'>formas</span> <span class='ocrx_word' id='word_1_129' title='bbox 1585 1718 1645 1772; x_wconf 61' lang='lat' dir='ltr'>et&gt;</span> <span class='ocrx_word' id='word_1_130' title='bbox 1670 1718 1871 1774; x_wconf 86' lang='lat' dir='ltr'>status.</span> <span class='ocrx_word' id='word_1_131' title='bbox 1952 1710 2069 1774; x_wconf 85' lang='lat' dir='ltr'>Sed</span> <span class='ocrx_word' id='word_1_132' title='bbox 2116 1718 2256 1774; x_wconf 90' lang='lat' dir='ltr'>tunc</span> <span class='ocrx_word' id='word_1_133' title='bbox 2292 1709 2603 1796; x_wconf 78' lang='lat' dir='ltr'>quaesivit,</span> 
     </span>
     <span class='ocr_line' id='line_1_15' title="bbox 509 1810 2603 1898; baseline 0.001 -26"><span class='ocrx_word' id='word_1_134' title='bbox 509 1813 666 1875; x_wconf 91' lang='lat' dir='ltr'>unde</span> <span class='ocrx_word' id='word_1_135' title='bbox 696 1811 846 1897; x_wconf 81' lang='lat' dir='ltr'>ignis</span> <span class='ocrx_word' id='word_1_136' title='bbox 871 1810 1020 1875; x_wconf 86' lang='lat' dir='ltr'>Solis</span> <span class='ocrx_word' id='word_1_137' title='bbox 1047 1812 1247 1874; x_wconf 86' lang='lat' dir='ltr'>mundi</span> <span class='ocrx_word' id='word_1_138' title='bbox 1277 1833 1378 1875; x_wconf 90' lang='lat' dir='ltr'>seu</span> <span class='ocrx_word' id='word_1_139' title='bbox 1409 1822 1657 1876; x_wconf 85' lang='lat' dir='ltr'>naturae</span> <span class='ocrx_word' id='word_1_140' title='bbox 1679 1860 1694 1885; x_wconf 91' lang='lat'>,</span> <span class='ocrx_word' id='word_1_141' title='bbox 1748 1812 2282 1896; x_wconf 78' lang='lat' dir='ltr'>respondebamus,</span> <span class='ocrx_word' id='word_1_142' title='bbox 2333 1810 2490 1898; x_wconf 87' lang='lat' dir='ltr'>quod</span> <span class='ocrx_word' id='word_1_143' title='bbox 2530 1812 2603 1875; x_wconf 91' lang='lat' dir='ltr'>sit</span> 
     </span>
     <span class='ocr_line' id='line_1_16' title="bbox 505 1910 2603 2000; baseline 0.001 -25"><span class='ocrx_word' id='word_1_144' title='bbox 505 1935 582 1975; x_wconf 82' lang='lat' dir='ltr'>ex</span> <span class='ocrx_word' id='word_1_145' title='bbox 623 1912 758 1976; x_wconf 90' lang='lat' dir='ltr'>Sole</span> <span class='ocrx_word' id='word_1_146' title='bbox 800 1911 961 1976; x_wconf 85' lang='lat' dir='ltr'>Caeli</span> <span class='ocrx_word' id='word_1_147' title='bbox 1007 1911 1303 1998; x_wconf 79' lang='lat' dir='ltr'>Angelici,</span> <span class='ocrx_word' id='word_1_148' title='bbox 1351 1913 1448 2000; x_wconf 92' lang='lat' dir='ltr'>qui</span> <span class='ocrx_word' id='word_1_149' title='bbox 1488 1936 1606 1977; x_wconf 90' lang='lat' dir='ltr'>non</span> <span class='ocrx_word' id='word_1_150' title='bbox 1650 1923 1735 1978; x_wconf 86' lang='lat' dir='ltr'>est</span> <span class='ocrx_word' id='word_1_151' title='bbox 1765 1912 1946 1998; x_wconf 84' lang='lat' dir='ltr'>ignis,</span> <span class='ocrx_word' id='word_1_152' title='bbox 1996 1915 2096 1976; x_wconf 88' lang='lat' dir='ltr'>sed</span> <span class='ocrx_word' id='word_1_153' title='bbox 2128 1911 2380 1977; x_wconf 82' lang='lat' dir='ltr'>Divinus</span> <span class='ocrx_word' id='word_1_154' title='bbox 2416 1910 2603 1978; x_wconf 80' lang='lat' dir='ltr'>Amor</span> 
     </span>
     <span class='ocr_line' id='line_1_17' title="bbox 511 2012 2600 2102; baseline 0.001 -26"><span class='ocrx_word' id='word_1_155' title='bbox 511 2014 779 2102; x_wconf 79' lang='lat' dir='ltr'>proxime</span> <span class='ocrx_word' id='word_1_156' title='bbox 823 2012 1147 2099; x_wconf 87' lang='lat' dir='ltr'>procedens</span> <span class='ocrx_word' id='word_1_157' title='bbox 1186 2036 1219 2077; x_wconf 92' lang='lat' dir='ltr'>a</span> <span class='ocrx_word' id='word_1_158' title='bbox 1262 2015 1423 2089; x_wconf 86' lang='lat' dir='ltr'>Deo,</span> <span class='ocrx_word' id='word_1_159' title='bbox 1474 2015 1590 2095; x_wconf 86' lang='lat' dir='ltr'>Qui</span> <span class='ocrx_word' id='word_1_160' title='bbox 1633 2014 1704 2076; x_wconf 63' lang='lat' dir='ltr'>in‘</span> <span class='ocrx_word' id='word_1_161' title='bbox 1738 2015 1930 2078; x_wconf 89' lang='lat' dir='ltr'>medio</span> <span class='ocrx_word' id='word_1_162' title='bbox 1971 2015 2097 2099; x_wconf 88' lang='lat' dir='ltr'>ejus</span> <span class='ocrx_word' id='word_1_163' title='bbox 2138 2023 2255 2077; x_wconf 82' lang='lat' dir='ltr'>est:</span> <span class='ocrx_word' id='word_1_164' title='bbox 2308 2013 2420 2078; x_wconf 90' lang='lat' dir='ltr'>boc</span> <span class='ocrx_word' id='word_1_165' title='bbox 2461 2013 2600 2100; x_wconf 86' lang='lat' dir='ltr'>quia</span> 
     </span>
     <span class='ocr_line' id='line_1_18' title="bbox 514 2114 2602 2201; baseline -0.001 -23"><span class='ocrx_word' id='word_1_166' title='bbox 514 2117 759 2179; x_wconf 84' lang='lat' dir='ltr'>miratus</span> <span class='ocrx_word' id='word_1_167' title='bbox 784 2124 886 2186; x_wconf 86' lang='lat' dir='ltr'>est,</span> <span class='ocrx_word' id='word_1_168' title='bbox 916 2116 1446 2181; x_wconf 87' lang='lat' dir='ltr'>demonstravimus</span> <span class='ocrx_word' id='word_1_169' title='bbox 1472 2116 1582 2189; x_wconf 89' lang='lat' dir='ltr'>ita;</span> <span class='ocrx_word' id='word_1_170' title='bbox 1616 2115 1801 2180; x_wconf 87' lang='lat' dir='ltr'>Amor</span> <span class='ocrx_word' id='word_1_171' title='bbox 1829 2117 1885 2178; x_wconf 89' lang='lat' dir='ltr'>in</span> <span class='ocrx_word' id='word_1_172' title='bbox 1911 2137 2014 2180; x_wconf 87' lang='lat' dir='ltr'>sua</span> <span class='ocrx_word' id='word_1_173' title='bbox 2042 2115 2291 2180; x_wconf 79' lang='lat' dir='ltr'>essentia</span> <span class='ocrx_word' id='word_1_174' title='bbox 2320 2124 2407 2179; x_wconf 90' lang='lat' dir='ltr'>est</span> <span class='ocrx_word' id='word_1_175' title='bbox 2432 2114 2602 2201; x_wconf 86' lang='lat' dir='ltr'>spiri-</span> 
     </span>
     <span class='ocr_line' id='line_1_19' title="bbox 512 2215 2602 2305; baseline 0 -26"><span class='ocrx_word' id='word_1_176' title='bbox 512 2216 688 2279; x_wconf 82' lang='lat' dir='ltr'>tualis</span> <span class='ocrx_word' id='word_1_177' title='bbox 715 2216 880 2300; x_wconf 85' lang='lat' dir='ltr'>ignis,</span> <span class='ocrx_word' id='word_1_178' title='bbox 910 2216 1043 2277; x_wconf 91' lang='lat' dir='ltr'>inde</span> <span class='ocrx_word' id='word_1_179' title='bbox 1073 2225 1177 2290; x_wconf 87' lang='lat' dir='ltr'>est,</span> <span class='ocrx_word' id='word_1_180' title='bbox 1205 2218 1363 2303; x_wconf 89' lang='lat' dir='ltr'>quod</span> <span class='ocrx_word' id='word_1_181' title='bbox 1390 2217 1541 2302; x_wconf 79' lang='lat' dir='ltr'>ignis</span> <span class='ocrx_word' id='word_1_182' title='bbox 1568 2218 1625 2280; x_wconf 91' lang='lat' dir='ltr'>in</span> <span class='ocrx_word' id='word_1_183' title='bbox 1652 2217 1855 2281; x_wconf 90' lang='lat' dir='ltr'>Verbo</span> <span class='ocrx_word' id='word_1_184' title='bbox 1882 2218 1938 2280; x_wconf 92' lang='lat' dir='ltr'>in</span> <span class='ocrx_word' id='word_1_185' title='bbox 1967 2215 2252 2305; x_wconf 77' lang='lat' dir='ltr'>spirituali</span> <span class='ocrx_word' id='word_1_186' title='bbox 2278 2216 2404 2301; x_wconf 90' lang='lat' dir='ltr'>ejus</span> <span class='ocrx_word' id='word_1_187' title='bbox 2427 2236 2602 2280; x_wconf 87' lang='lat' dir='ltr'>sensu</span> 
     </span>
     <span class='ocr_line' id='line_1_20' title="bbox 509 2315 2603 2407; baseline 0 -26"><span class='ocrx_word' id='word_1_188' title='bbox 509 2315 795 2404; x_wconf 82' lang='lat' dir='ltr'>significet</span> <span class='ocrx_word' id='word_1_189' title='bbox 823 2337 1083 2380; x_wconf 74' lang='lat' dir='ltr'>atnorem</span> <span class='ocrx_word' id='word_1_190' title='bbox 1101 2367 1114 2392; x_wconf 88' lang='lat'>,</span> <span class='ocrx_word' id='word_1_191' title='bbox 1165 2319 1317 2380; x_wconf 78' lang='lat' dir='ltr'>unde</span> <span class='ocrx_word' id='word_1_192' title='bbox 1348 2329 1522 2381; x_wconf 86' lang='lat' dir='ltr'>orant</span> <span class='ocrx_word' id='word_1_193' title='bbox 1548 2318 1606 2380; x_wconf 89' lang='lat' dir='ltr'>in</span> <span class='ocrx_word' id='word_1_194' title='bbox 1634 2318 1897 2407; x_wconf 84' lang='lat' dir='ltr'>Templis</span> <span class='ocrx_word' id='word_1_195' title='bbox 1921 2317 2304 2394; x_wconf 84' lang='lat' dir='ltr'>Sacerdotes,</span> <span class='ocrx_word' id='word_1_196' title='bbox 2347 2327 2413 2381; x_wconf 91' lang='lat' dir='ltr'>ut</span> <span class='ocrx_word' id='word_1_197' title='bbox 2442 2316 2603 2403; x_wconf 77' lang='lat' dir='ltr'>Ignis</span> 
     </span>
     <span class='ocr_line' id='line_1_21' title="bbox 512 2418 2603 2508; baseline 0.002 -27"><span class='ocrx_word' id='word_1_198' title='bbox 512 2420 779 2484; x_wconf 82' lang='lat' dir='ltr'>caelestis</span> <span class='ocrx_word' id='word_1_199' title='bbox 821 2418 1058 2505; x_wconf 83' lang='lat' dir='ltr'>impleat</span> <span class='ocrx_word' id='word_1_200' title='bbox 1104 2421 1313 2495; x_wconf 89' lang='lat' dir='ltr'>corda,</span> <span class='ocrx_word' id='word_1_201' title='bbox 1367 2442 1471 2508; x_wconf 88' lang='lat' dir='ltr'>per</span> <span class='ocrx_word' id='word_1_202' title='bbox 1514 2442 1688 2507; x_wconf 89' lang='lat' dir='ltr'>quem</span> <span class='ocrx_word' id='word_1_203' title='bbox 1733 2421 2065 2505; x_wconf 81' lang='lat' dir='ltr'>intelligunt</span> <span class='ocrx_word' id='word_1_204' title='bbox 2104 2440 2398 2493; x_wconf 86' lang='lat' dir='ltr'>amorem;</span> <span class='ocrx_word' id='word_1_205' title='bbox 2451 2418 2603 2504; x_wconf 82' lang='lat' dir='ltr'>ignis</span> 
     </span>
     <span class='ocr_line' id='line_1_22' title="bbox 512 2519 2682 2610; baseline -0.001 -25"><span class='ocrx_word' id='word_1_206' title='bbox 512 2520 763 2595; x_wconf 84' lang='lat' dir='ltr'>Altaris,</span> <span class='ocrx_word' id='word_1_207' title='bbox 819 2529 877 2583; x_wconf 89' lang='lat' dir='ltr'>et</span> <span class='ocrx_word' id='word_1_208' title='bbox 922 2520 1070 2604; x_wconf 82' lang='lat' dir='ltr'>ignis</span> <span class='ocrx_word' id='word_1_209' title='bbox 1113 2521 1466 2585; x_wconf 88' lang='lat' dir='ltr'>Candelabri</span> <span class='ocrx_word' id='word_1_210' title='bbox 1510 2523 1571 2584; x_wconf 90' lang='lat' dir='ltr'>in</span> <span class='ocrx_word' id='word_1_211' title='bbox 1617 2521 2034 2586; x_wconf 85' lang='lat' dir='ltr'>Tabernaculo</span> <span class='ocrx_word' id='word_1_212' title='bbox 2088 2519 2245 2610; x_wconf 86' lang='lat' dir='ltr'>apud</span> <span class='ocrx_word' id='word_1_213' title='bbox 2287 2519 2603 2595; x_wconf 61' lang='lat' dir='ltr'>Israelitas,</span> <span class='ocrx_word' id='word_1_214' title='bbox 2677 2527 2682 2531; x_wconf 84' lang='lat'>&#39;</span> 
     </span>
     <span class='ocr_line' id='line_1_23' title="bbox 517 2619 2606 2708; baseline -0.001 -25"><span class='ocrx_word' id='word_1_215' title='bbox 517 2643 635 2684; x_wconf 90' lang='lat' dir='ltr'>non</span> <span class='ocrx_word' id='word_1_216' title='bbox 665 2619 823 2684; x_wconf 88' lang='lat' dir='ltr'>aliud</span> <span class='ocrx_word' id='word_1_217' title='bbox 864 2642 1040 2706; x_wconf 80' lang='lat' dir='ltr'>quam</span> <span class='ocrx_word' id='word_1_218' title='bbox 1068 2620 1350 2685; x_wconf 88' lang='lat' dir='ltr'>Divinum</span> <span class='ocrx_word' id='word_1_219' title='bbox 1381 2623 1664 2687; x_wconf 78' lang='lat' dir='ltr'>Amorem</span> <span class='ocrx_word' id='word_1_220' title='bbox 1707 2622 2202 2708; x_wconf 72' lang='lat' dir='ltr'>repraesentavit3</span> <span class='ocrx_word' id='word_1_221' title='bbox 2255 2620 2434 2684; x_wconf 82' lang='lat' dir='ltr'>Calor</span> <span class='ocrx_word' id='word_1_222' title='bbox 2472 2641 2606 2683; x_wconf 89' lang='lat' dir='ltr'>san-</span> 
     </span>
     <span class='ocr_line' id='line_1_24' title="bbox 516 2710 2603 2809; baseline -0 -25"><span class='ocrx_word' id='word_1_223' title='bbox 516 2723 741 2808; x_wconf 78' lang='lat' dir='ltr'>guinis,</span> <span class='ocrx_word' id='word_1_224' title='bbox 790 2744 891 2786; x_wconf 89' lang='lat' dir='ltr'>seu</span> <span class='ocrx_word' id='word_1_225' title='bbox 937 2721 1114 2786; x_wconf 88' lang='lat' dir='ltr'>Calor</span> <span class='ocrx_word' id='word_1_226' title='bbox 1157 2723 1351 2788; x_wconf 87' lang='lat' dir='ltr'>vitalis</span> <span class='ocrx_word' id='word_1_227' title='bbox 1392 2710 1727 2796; x_wconf 83' lang='lat' dir='ltr'>bominum,</span> <span class='ocrx_word' id='word_1_228' title='bbox 1758 2735 1838 2786; x_wconf 89' lang='lat' dir='ltr'>·et</span> <span class='ocrx_word' id='word_1_229' title='bbox 1879 2724 1938 2785; x_wconf 90' lang='lat' dir='ltr'>iu</span> <span class='ocrx_word' id='word_1_230' title='bbox 1985 2744 2200 2809; x_wconf 83' lang='lat' dir='ltr'>genere</span> <span class='ocrx_word' id='word_1_231' title='bbox 2246 2720 2603 2795; x_wconf 88' lang='lat' dir='ltr'>animalium,</span> 
     </span>
     <span class='ocr_line' id='line_1_25' title="bbox 518 2821 2605 2910; baseline -0.001 -23"><span class='ocrx_word' id='word_1_232' title='bbox 518 2845 639 2887; x_wconf 86' lang='lat' dir='ltr'>non</span> <span class='ocrx_word' id='word_1_233' title='bbox 669 2822 904 2888; x_wconf 85' lang='lat' dir='ltr'>aliunde</span> <span class='ocrx_word' id='word_1_234' title='bbox 933 2832 1039 2897; x_wconf 87' lang='lat' dir='ltr'>est,</span> <span class='ocrx_word' id='word_1_235' title='bbox 1078 2845 1252 2907; x_wconf 88' lang='lat' dir='ltr'>quam</span> <span class='ocrx_word' id='word_1_236' title='bbox 1282 2845 1354 2886; x_wconf 83' lang='lat' dir='ltr'>ex</span> <span class='ocrx_word' id='word_1_237' title='bbox 1381 2844 1583 2888; x_wconf 88' lang='lat' dir='ltr'>amore</span> <span class='ocrx_word' id='word_1_238' title='bbox 1603 2875 1616 2898; x_wconf 93' lang='lat'><strong><em>‚</em></strong></span> <span class='ocrx_word' id='word_1_239' title='bbox 1655 2824 1755 2910; x_wconf 88' lang='lat' dir='ltr'>qui</span> <span class='ocrx_word' id='word_1_240' title='bbox 1781 2823 1922 2888; x_wconf 84' lang='lat' dir='ltr'>facit</span> <span class='ocrx_word' id='word_1_241' title='bbox 1952 2826 2132 2888; x_wconf 88' lang='lat' dir='ltr'>vitam</span> <span class='ocrx_word' id='word_1_242' title='bbox 2164 2822 2429 2894; x_wconf 86' lang='lat' dir='ltr'>illorum;</span> <span class='ocrx_word' id='word_1_243' title='bbox 2471 2821 2605 2885; x_wconf 84' lang='lat' dir='ltr'>inde</span> 
     </span>
     <span class='ocr_line' id='line_1_26' title="bbox 515 2921 2604 3010; baseline -0 -23"><span class='ocrx_word' id='word_1_244' title='bbox 515 2933 634 3000; x_wconf 83' lang='lat' dir='ltr'>est,</span> <span class='ocrx_word' id='word_1_245' title='bbox 679 2924 838 3010; x_wconf 86' lang='lat' dir='ltr'>quod</span> <span class='ocrx_word' id='word_1_246' title='bbox 881 2922 1061 2985; x_wconf 86' lang='lat' dir='ltr'>homo</span> <span class='ocrx_word' id='word_1_247' title='bbox 1102 2924 1482 3000; x_wconf 83' lang='lat' dir='ltr'>incendatur,</span> <span class='ocrx_word' id='word_1_248' title='bbox 1534 2926 1852 2987; x_wconf 86' lang='lat' dir='ltr'>incalescat</span> <span class='ocrx_word' id='word_1_249' title='bbox 1891 2935 1948 2988; x_wconf 90' lang='lat' dir='ltr'>et</span> <span class='ocrx_word' id='word_1_250' title='bbox 1991 2921 2421 2996; x_wconf 86' lang='lat' dir='ltr'>inflammetur,</span> <span class='ocrx_word' id='word_1_251' title='bbox 2463 2922 2604 2986; x_wconf 82' lang='lat' dir='ltr'>dum</span> 
     </span>
     <span class='ocr_line' id='line_1_27' title="bbox 515 3024 2604 3108; baseline -0.001 -18"><span class='ocrx_word' id='word_1_252' title='bbox 515 3047 687 3090; x_wconf 84' lang='lat' dir='ltr'>amor</span> <span class='ocrx_word' id='word_1_253' title='bbox 714 3025 839 3108; x_wconf 88' lang='lat' dir='ltr'>ejus</span> <span class='ocrx_word' id='word_1_254' title='bbox 866 3024 1157 3088; x_wconf 84' lang='lat' dir='ltr'>exaltatur</span> <span class='ocrx_word' id='word_1_255' title='bbox 1184 3025 1244 3086; x_wconf 89' lang='lat' dir='ltr'>in</span> <span class='ocrx_word' id='word_1_256' title='bbox 1271 3025 1492 3100; x_wconf 82' lang='lat' dir='ltr'>zelum,</span> <span class='ocrx_word' id='word_1_257' title='bbox 1548 3037 1647 3088; x_wconf 88' lang='lat' dir='ltr'>aut</span> <span class='ocrx_word' id='word_1_258' title='bbox 1691 3027 1977 3088; x_wconf 81' lang='lat' dir='ltr'>excitatur</span> <span class='ocrx_word' id='word_1_259' title='bbox 2010 3025 2064 3087; x_wconf 93' lang='lat' dir='ltr'>in</span> <span class='ocrx_word' id='word_1_260' title='bbox 2107 3025 2254 3088; x_wconf 81' lang='lat' dir='ltr'>iram</span> <span class='ocrx_word' id='word_1_261' title='bbox 2294 3033 2353 3087; x_wconf 89' lang='lat' dir='ltr'>et</span> <span class='ocrx_word' id='word_1_262' title='bbox 2391 3044 2604 3088; x_wconf 85' lang='lat' dir='ltr'>excan-</span> 
     </span>
     <span class='ocr_line' id='line_1_28' title="bbox 521 3120 2603 3214; baseline -0 -25"><span class='ocrx_word' id='word_1_263' title='bbox 521 3127 914 3191; x_wconf 84' lang='lat' dir='ltr'>descentiam:</span> <span class='ocrx_word' id='word_1_264' title='bbox 957 3146 1141 3212; x_wconf 86' lang='lat' dir='ltr'>quare</span> <span class='ocrx_word' id='word_1_265' title='bbox 1172 3146 1243 3187; x_wconf 87' lang='lat' dir='ltr'>ex</span> <span class='ocrx_word' id='word_1_266' title='bbox 1272 3147 1362 3197; x_wconf 88' lang='lat' dir='ltr'>eo,</span> <span class='ocrx_word' id='word_1_267' title='bbox 1398 3127 1553 3211; x_wconf 84' lang='lat' dir='ltr'>quod</span> <span class='ocrx_word' id='word_1_268' title='bbox 1586 3125 1763 3190; x_wconf 88' lang='lat' dir='ltr'>Calor</span> <span class='ocrx_word' id='word_1_269' title='bbox 1789 3122 2120 3214; x_wconf 84' lang='lat' dir='ltr'>spiritualis,</span> <span class='ocrx_word' id='word_1_270' title='bbox 2159 3126 2256 3212; x_wconf 86' lang='lat' dir='ltr'>qui</span> <span class='ocrx_word' id='word_1_271' title='bbox 2287 3135 2373 3191; x_wconf 83' lang='lat' dir='ltr'>est</span> <span class='ocrx_word' id='word_1_272' title='bbox 2399 3120 2603 3202; x_wconf 85' lang='lat' dir='ltr'>Amor,</span> 
     </span>
     <span class='ocr_line' id='line_1_29' title="bbox 517 3225 2605 3316; baseline -0 -26"><span class='ocrx_word' id='word_1_273' title='bbox 517 3228 806 3316; x_wconf 88' lang='lat' dir='ltr'>producat</span> <span class='ocrx_word' id='word_1_274' title='bbox 836 3226 1092 3290; x_wconf 87' lang='lat' dir='ltr'>calorem</span> <span class='ocrx_word' id='word_1_275' title='bbox 1123 3227 1449 3289; x_wconf 87' lang='lat' dir='ltr'>naturalem</span> <span class='ocrx_word' id='word_1_276' title='bbox 1482 3227 1636 3314; x_wconf 89' lang='lat' dir='ltr'>apud</span> <span class='ocrx_word' id='word_1_277' title='bbox 1665 3225 1965 3302; x_wconf 89' lang='lat' dir='ltr'>homines,</span> <span class='ocrx_word' id='word_1_278' title='bbox 2019 3248 2202 3314; x_wconf 87' lang='lat' dir='ltr'>usque</span> <span class='ocrx_word' id='word_1_279' title='bbox 2230 3235 2293 3290; x_wconf 88' lang='lat' dir='ltr'>ut</span> <span class='ocrx_word' id='word_1_280' title='bbox 2319 3225 2605 3291; x_wconf 86' lang='lat' dir='ltr'>accendat</span> 
     </span>
     <span class='ocr_line' id='line_1_30' title="bbox 517 3326 2604 3417; baseline -0 -26"><span class='ocrx_word' id='word_1_281' title='bbox 517 3337 579 3392; x_wconf 90' lang='lat' dir='ltr'>et</span> <span class='ocrx_word' id='word_1_282' title='bbox 626 3327 952 3390; x_wconf 81' lang='lat' dir='ltr'>inflammet</span> <span class='ocrx_word' id='word_1_283' title='bbox 998 3326 1231 3391; x_wconf 90' lang='lat' dir='ltr'>illorum</span> <span class='ocrx_word' id='word_1_284' title='bbox 1279 3326 1460 3392; x_wconf 83' lang='lat' dir='ltr'>facies</span> <span class='ocrx_word' id='word_1_285' title='bbox 1507 3337 1565 3391; x_wconf 88' lang='lat' dir='ltr'>et</span> <span class='ocrx_word' id='word_1_286' title='bbox 1608 3336 1799 3402; x_wconf 73' lang='lat' dir='ltr'>artus..</span> <span class='ocrx_word' id='word_1_287' title='bbox 1856 3336 2125 3392; x_wconf 83' lang='lat' dir='ltr'>constare</span> <span class='ocrx_word' id='word_1_288' title='bbox 2171 3337 2391 3417; x_wconf 88' lang='lat' dir='ltr'>potest,</span> <span class='ocrx_word' id='word_1_289' title='bbox 2446 3326 2604 3412; x_wconf 87' lang='lat' dir='ltr'>quod</span> 
     </span>
     <span class='ocr_line' id='line_1_31' title="bbox 517 3427 2607 3515; baseline 0 -24"><span class='ocrx_word' id='word_1_290' title='bbox 517 3428 678 3515; x_wconf 85' lang='lat' dir='ltr'>Ignis</span> <span class='ocrx_word' id='word_1_291' title='bbox 705 3428 857 3493; x_wconf 88' lang='lat' dir='ltr'>Solis</span> <span class='ocrx_word' id='word_1_292' title='bbox 885 3428 1167 3493; x_wconf 87' lang='lat' dir='ltr'>naturalis</span> <span class='ocrx_word' id='word_1_293' title='bbox 1194 3450 1310 3491; x_wconf 88' lang='lat' dir='ltr'>non</span> <span class='ocrx_word' id='word_1_294' title='bbox 1342 3428 1574 3492; x_wconf 87' lang='lat' dir='ltr'>aliunde</span> <span class='ocrx_word' id='word_1_295' title='bbox 1605 3428 1924 3503; x_wconf 82' lang='lat' dir='ltr'>exstiterit,</span> <span class='ocrx_word' id='word_1_296' title='bbox 1975 3450 2149 3515; x_wconf 88' lang='lat' dir='ltr'>quam</span> <span class='ocrx_word' id='word_1_297' title='bbox 2178 3449 2250 3491; x_wconf 84' lang='lat' dir='ltr'>ex</span> <span class='ocrx_word' id='word_1_298' title='bbox 2284 3427 2427 3514; x_wconf 78' lang='lat' dir='ltr'>Igne</span> <span class='ocrx_word' id='word_1_299' title='bbox 2452 3428 2607 3493; x_wconf 81' lang='lat' dir='ltr'>Solis</span> 
     </span>
     <span class='ocr_line' id='line_1_32' title="bbox 515 3526 2607 3616; baseline 0 -25"><span class='ocrx_word' id='word_1_300' title='bbox 515 3530 863 3616; x_wconf 86' lang='lat' dir='ltr'>spiritualis,</span> <span class='ocrx_word' id='word_1_301' title='bbox 908 3530 1009 3616; x_wconf 78' lang='lat' dir='ltr'>qui</span> <span class='ocrx_word' id='word_1_302' title='bbox 1035 3530 1400 3594; x_wconf 84' lang='lat' dir='ltr'>estDivinus</span> <span class='ocrx_word' id='word_1_303' title='bbox 1424 3526 1623 3594; x_wconf 84' lang='lat' dir='ltr'>Amor.</span> <span class='ocrx_word' id='word_1_304' title='bbox 1681 3530 1740 3594; x_wconf 93' lang='lat' dir='ltr'>N</span> <span class='ocrx_word' id='word_1_305' title='bbox 1747 3552 1858 3592; x_wconf 92' lang='lat' dir='ltr'>unc</span> <span class='ocrx_word' id='word_1_306' title='bbox 1885 3530 2018 3615; x_wconf 90' lang='lat' dir='ltr'>quia</span> <span class='ocrx_word' id='word_1_307' title='bbox 2047 3530 2384 3616; x_wconf 83' lang='lat' dir='ltr'>Expansum</span> <span class='ocrx_word' id='word_1_308' title='bbox 2417 3529 2607 3594; x_wconf 87' lang='lat' dir='ltr'>oritur</span> 
     </span>
     <span class='ocr_line' id='line_1_33' title="bbox 519 3629 2607 3716; baseline -0 -24"><span class='ocrx_word' id='word_1_309' title='bbox 519 3650 595 3692; x_wconf 83' lang='lat' dir='ltr'>ex</span> <span class='ocrx_word' id='word_1_310' title='bbox 621 3630 859 3708; x_wconf 88' lang='lat' dir='ltr'>Centro,</span> <span class='ocrx_word' id='word_1_311' title='bbox 900 3641 957 3693; x_wconf 81' lang='lat' dir='ltr'>et</span> <span class='ocrx_word' id='word_1_312' title='bbox 985 3652 1102 3691; x_wconf 88' lang='lat' dir='ltr'>non</span> <span class='ocrx_word' id='word_1_313' title='bbox 1133 3631 1416 3706; x_wconf 86' lang='lat' dir='ltr'>vicissim,</span> <span class='ocrx_word' id='word_1_314' title='bbox 1472 3640 1535 3694; x_wconf 91' lang='lat' dir='ltr'>ut</span> <span class='ocrx_word' id='word_1_315' title='bbox 1570 3653 1749 3716; x_wconf 88' lang='lat' dir='ltr'>supra</span> <span class='ocrx_word' id='word_1_316' title='bbox 1780 3631 2056 3706; x_wconf 84' lang='lat' dir='ltr'>diximus,</span> <span class='ocrx_word' id='word_1_317' title='bbox 2111 3640 2171 3694; x_wconf 89' lang='lat' dir='ltr'>et</span> <span class='ocrx_word' id='word_1_318' title='bbox 2197 3630 2478 3694; x_wconf 88' lang='lat' dir='ltr'>Centrum</span> <span class='ocrx_word' id='word_1_319' title='bbox 2522 3629 2607 3691; x_wconf 83' lang='lat' dir='ltr'>vi·</span> 
     </span>
     <span class='ocr_line' id='line_1_34' title="bbox 518 3729 2604 3818; baseline -0 -25"><span class='ocrx_word' id='word_1_320' title='bbox 518 3740 649 3805; x_wconf 90' lang='lat' dir='ltr'>tae,</span> <span class='ocrx_word' id='word_1_321' title='bbox 703 3735 856 3817; x_wconf 82' lang='lat' dir='ltr'>quod</span> <span class='ocrx_word' id='word_1_322' title='bbox 898 3740 985 3798; x_wconf 87' lang='lat' dir='ltr'>est</span> <span class='ocrx_word' id='word_1_323' title='bbox 1022 3731 1124 3795; x_wconf 89' lang='lat' dir='ltr'>Sol</span> <span class='ocrx_word' id='word_1_324' title='bbox 1151 3729 1313 3795; x_wconf 87' lang='lat' dir='ltr'>Caeli</span> <span class='ocrx_word' id='word_1_325' title='bbox 1348 3732 1644 3818; x_wconf 79' lang='lat' dir='ltr'>Angelici,</span> <span class='ocrx_word' id='word_1_326' title='bbox 1698 3740 1785 3796; x_wconf 90' lang='lat' dir='ltr'>est</span> <span class='ocrx_word' id='word_1_327' title='bbox 1827 3731 2077 3795; x_wconf 88' lang='lat' dir='ltr'>Divinus</span> <span class='ocrx_word' id='word_1_328' title='bbox 2116 3731 2303 3797; x_wconf 84' lang='lat' dir='ltr'>Amor</span> <span class='ocrx_word' id='word_1_329' title='bbox 2342 3729 2604 3818; x_wconf 87' lang='lat' dir='ltr'>proxime</span> 
     </span>
     <span class='ocr_line' id='line_1_35' title="bbox 520 3831 2604 3919; baseline -0.001 -24"><span class='ocrx_word' id='word_1_330' title='bbox 520 3835 845 3918; x_wconf 80' lang='lat' dir='ltr'>procedens</span> <span class='ocrx_word' id='word_1_331' title='bbox 871 3855 905 3898; x_wconf 89' lang='lat' dir='ltr'>a</span> <span class='ocrx_word' id='word_1_332' title='bbox 933 3834 1091 3906; x_wconf 91' lang='lat' dir='ltr'>Deo,</span> <span class='ocrx_word' id='word_1_333' title='bbox 1146 3833 1261 3912; x_wconf 89' lang='lat' dir='ltr'>Qui</span> <span class='ocrx_word' id='word_1_334' title='bbox 1305 3832 1360 3894; x_wconf 91' lang='lat' dir='ltr'>in</span> <span class='ocrx_word' id='word_1_335' title='bbox 1406 3833 1596 3898; x_wconf 85' lang='lat' dir='ltr'>medio</span> <span class='ocrx_word' id='word_1_336' title='bbox 1641 3833 1795 3896; x_wconf 87' lang='lat' dir='ltr'>illius</span> <span class='ocrx_word' id='word_1_337' title='bbox 1832 3831 1985 3897; x_wconf 87' lang='lat' dir='ltr'>Solis</span> <span class='ocrx_word' id='word_1_338' title='bbox 2021 3842 2138 3905; x_wconf 82' lang='lat' dir='ltr'>est;</span> <span class='ocrx_word' id='word_1_339' title='bbox 2192 3842 2251 3897; x_wconf 88' lang='lat' dir='ltr'>et</span> <span class='ocrx_word' id='word_1_340' title='bbox 2292 3832 2429 3919; x_wconf 84' lang='lat' dir='ltr'>quia</span> <span class='ocrx_word' id='word_1_341' title='bbox 2470 3831 2604 3894; x_wconf 86' lang='lat' dir='ltr'>inde</span> 
     </span>
     <span class='ocr_line' id='line_1_36' title="bbox 519 3930 2608 4022; baseline 0 -27"><span class='ocrx_word' id='word_1_342' title='bbox 519 3943 611 3997; x_wconf 84' lang='lat' dir='ltr'>est</span> <span class='ocrx_word' id='word_1_343' title='bbox 651 3932 986 4022; x_wconf 82' lang='lat' dir='ltr'>Expansum</span> <span class='ocrx_word' id='word_1_344' title='bbox 1025 3933 1178 3997; x_wconf 87' lang='lat' dir='ltr'>illius</span> <span class='ocrx_word' id='word_1_345' title='bbox 1218 3932 1453 4010; x_wconf 86' lang='lat' dir='ltr'>Centri,</span> <span class='ocrx_word' id='word_1_346' title='bbox 1497 3935 1655 4020; x_wconf 87' lang='lat' dir='ltr'>quod</span> <span class='ocrx_word' id='word_1_347' title='bbox 1697 3943 1946 3998; x_wconf 89' lang='lat' dir='ltr'>vocatur</span> <span class='ocrx_word' id='word_1_348' title='bbox 1974 3932 2231 3998; x_wconf 87' lang='lat' dir='ltr'>Mundus</span> <span class='ocrx_word' id='word_1_349' title='bbox 2275 3930 2608 4019; x_wconf 84' lang='lat' dir='ltr'>spiritualis,</span> 
     </span>
     <span class='ocr_line' id='line_1_37' title="bbox 519 4032 2608 4121; baseline -0 -26"><span class='ocrx_word' id='word_1_350' title='bbox 519 4041 583 4096; x_wconf 87' lang='lat' dir='ltr'>et</span> <span class='ocrx_word' id='word_1_351' title='bbox 613 4036 749 4121; x_wconf 90' lang='lat' dir='ltr'>quia</span> <span class='ocrx_word' id='word_1_352' title='bbox 777 4055 847 4099; x_wconf 84' lang='lat' dir='ltr'>ex</span> <span class='ocrx_word' id='word_1_353' title='bbox 887 4034 989 4099; x_wconf 91' lang='lat' dir='ltr'>illo</span> <span class='ocrx_word' id='word_1_354' title='bbox 1025 4033 1162 4099; x_wconf 88' lang='lat' dir='ltr'>Sole</span> <span class='ocrx_word' id='word_1_355' title='bbox 1189 4035 1490 4099; x_wconf 77' lang='lat' dir='ltr'>exstiterat</span> <span class='ocrx_word' id='word_1_356' title='bbox 1517 4033 1620 4099; x_wconf 88' lang='lat' dir='ltr'>Sol</span> <span class='ocrx_word' id='word_1_357' title='bbox 1648 4033 1889 4109; x_wconf 85' lang='lat' dir='ltr'>Mundi,</span> <span class='ocrx_word' id='word_1_358' title='bbox 1935 4043 1995 4096; x_wconf 89' lang='lat' dir='ltr'>et</span> <span class='ocrx_word' id='word_1_359' title='bbox 2020 4055 2092 4101; x_wconf 75' lang='lat' dir='ltr'>ex</span> <span class='ocrx_word' id='word_1_360' title='bbox 2119 4032 2233 4098; x_wconf 90' lang='lat' dir='ltr'>boc</span> <span class='ocrx_word' id='word_1_361' title='bbox 2273 4033 2608 4119; x_wconf 86' lang='lat' dir='ltr'>Expansum</span> 
     </span>
     <span class='ocr_line' id='line_1_38' title="bbox 515 4132 2605 4222; baseline -0.001 -25"><span class='ocrx_word' id='word_1_362' title='bbox 515 4133 674 4218; x_wconf 87' lang='lat' dir='ltr'>ejus,</span> <span class='ocrx_word' id='word_1_363' title='bbox 727 4136 884 4222; x_wconf 91' lang='lat' dir='ltr'>quod</span> <span class='ocrx_word' id='word_1_364' title='bbox 912 4144 1166 4203; x_wconf 81' lang='lat' dir='ltr'>vocatur</span> <span class='ocrx_word' id='word_1_365' title='bbox 1190 4132 1448 4199; x_wconf 87' lang='lat' dir='ltr'>Mundus</span> <span class='ocrx_word' id='word_1_366' title='bbox 1474 4135 1794 4210; x_wconf 78' lang='lat' dir='ltr'>naturaliS,</span> <span class='ocrx_word' id='word_1_367' title='bbox 1831 4142 2019 4222; x_wconf 88' lang='lat' dir='ltr'>patet,</span> <span class='ocrx_word' id='word_1_368' title='bbox 2061 4135 2217 4220; x_wconf 89' lang='lat' dir='ltr'>quod</span> <span class='ocrx_word' id='word_1_369' title='bbox 2247 4132 2605 4197; x_wconf 79' lang='lat' dir='ltr'>Universum</span> 
     </span>
    </p>
   </div>
   <div class='ocr_carea' id='block_1_3' title="bbox 517 4231 2611 4393">
    <p class='ocr_par' dir='ltr' id='par_1_3' title="bbox 517 4231 2611 4393">
     <span class='ocr_line' id='line_1_39' title="bbox 517 4231 2611 4311; baseline -0.004 -12"><span class='ocrx_word' id='word_1_370' title='bbox 517 4256 553 4298; x_wconf 88' lang='lat' dir='ltr'>a</span> <span class='ocrx_word' id='word_1_371' title='bbox 582 4235 711 4300; x_wconf 89' lang='lat' dir='ltr'>Deo</span> <span class='ocrx_word' id='word_1_372' title='bbox 740 4245 1005 4301; x_wconf 84' lang='lat' dir='ltr'>creatum</span> <span class='ocrx_word' id='word_1_373' title='bbox 1030 4236 1122 4301; x_wconf 87' lang='lat' dir='ltr'>sit.</span> <span class='ocrx_word' id='word_1_374' title='bbox 1189 4234 1333 4301; x_wconf 87' lang='lat' dir='ltr'>Post</span> <span class='ocrx_word' id='word_1_375' title='bbox 1371 4235 1520 4300; x_wconf 88' lang='lat' dir='ltr'>haec</span> <span class='ocrx_word' id='word_1_376' title='bbox 1559 4235 1879 4311; x_wconf 86' lang='lat' dir='ltr'>abivimus,</span> <span class='ocrx_word' id='word_1_377' title='bbox 1933 4243 1993 4298; x_wconf 88' lang='lat' dir='ltr'>et</span> <span class='ocrx_word' id='word_1_378' title='bbox 2031 4235 2127 4298; x_wconf 90' lang='lat' dir='ltr'>ille</span> <span class='ocrx_word' id='word_1_379' title='bbox 2171 4231 2485 4296; x_wconf 85' lang='lat' dir='ltr'>comitatus</span> <span class='ocrx_word' id='word_1_380' title='bbox 2522 4237 2611 4292; x_wconf 82' lang='lat' dir='ltr'>est</span> 
     </span>
     <span class='ocr_line' id='line_1_40' title="bbox 2139 4331 2201 4393; baseline 0 -44"><span class='ocrx_word' id='word_1_381' title='bbox 2139 4331 2201 4393; x_wconf 81' lang='lat' dir='ltr'>D.</span> 
     </span>
    </p>
   </div>
  </div>
 </body>
</html>
