3309 4775
1093 323 1161 371 aa
1339 309 1794 365 UNIVERSA
1835 309 2365 364 THEOLOGIA
2406 309 2473 362 N.
2516 307 2582 365 C.
2624 307 2731 361 ΕΤ
2771 308 2841 366 Ν.
2883 309 2949 363 Ε.

1093 464 1349 551 putentia
1373 464 1515 541 Dei,
1568 463 1872 529 manifeste
1899 465 2120 530 sistitur
2150 462 2417 528 videnda.
2498 463 2631 529 Vll.
2680 462 2827 542 Quis
2854 463 3032 526 etiam
3060 483 3187 526 non

1093 574 1280 655 potest
1306 566 1648 653 intelligere,
1677 568 1722 630 si
1752 588 1956 651 parum
1988 566 2182 643 elevat
2208 565 2577 629 ratiocinium
2612 566 2821 629 mentis
2837 586 2998 640 suae,
3026 563 3189 649 quod

1093 671 1210 731 vita
1251 669 1308 729 in
1336 676 1663 744 aeternum,
1704 689 1855 753 quae
1884 667 2066 731 cuivis
2091 665 2314 729 homini
2353 675 2479 754 post
2507 675 2757 730 mortem
2786 674 2893 741 est,
2935 688 3053 729 non
3087 665 3187 728 da·

1093 767 1219 831 hilis
1253 770 1361 843 sit,
1402 770 1508 833 nisi
1537 790 1569 831 a
1600 768 1728 832 Deo
1768 768 2049 833 Aeterno.
2126 765 2288 832 Vlll.
2337 768 2582 831 Praeter
2624 766 2719 832 illa
2762 775 2848 829 est
2891 768 3185 851 quaedam

1093 865 1354 933 Infinitas
1379 870 1438 931 in
1467 870 1692 944 multis,
1737 890 1886 956 quae
1915 869 2129 933 cadunt
2156 869 2213 931 in
2246 868 2439 930 lumen
2469 868 2766 940 naturale,
2812 877 2867 931 et
2895 868 2952 929 in
2983 868 3187 930 lumen

1085 970 1385 1059 spirituale
1418 971 1573 1056 apud
1605 969 1931 1040 hominem;
1986 970 2043 1031 in
2075 971 2270 1050 lumen
2300 969 2598 1045 naturale,
2653 971 2807 1055 quod
2837 968 2950 1031 sint
2981 969 3187 1031 variae

1085 1071 1278 1135 Series
1320 1072 1376 1132 in
1424 1071 1845 1147 Geometricis,
1897 1093 2048 1158 quae
2090 1071 2310 1134 vadunt
2354 1072 2410 1133 in
2450 1068 2777 1134 infinitum:
2830 1070 2986 1156 quod
3028 1070 3190 1132 inter

1089 1183 1208 1237 tres
1235 1172 1449 1259 gradus
1476 1173 1796 1237 altitudinis
1819 1174 1893 1237 sit
1925 1172 2254 1258 progressio
2291 1174 2346 1233 in
2388 1169 2708 1245 inlinitum,
2765 1192 2969 1255 nempe
3017 1170 3185 1257 quod

1089 1271 1326 1339 Gradus
1354 1273 1571 1361 primus
1598 1274 1695 1361 qui
1728 1284 1975 1339 vocatur
2002 1273 2313 1349 naturalis,
2367 1294 2485 1336 non
2532 1273 2706 1358 possit
2742 1271 2939 1360 perfici
2968 1294 3038 1334 ac
3062 1273 3191 1335 ele·

1093 1376 1217 1439 rari
1259 1373 1331 1437 ad
1373 1374 1789 1461 perfectionem
1833 1375 2047 1461 gradus
2083 1374 2356 1449 secundi,
2410 1374 2508 1459 qui
2552 1382 2801 1437 vocatur
2846 1373 3189 1459 spiritualis,

1089 1498 1198 1539 nec
1223 1474 1318 1538 hic
1345 1474 1417 1538 ad
1449 1474 1866 1562 perfectionem
1895 1476 2083 1552 tertii,
2136 1478 2234 1561 qui
2267 1484 2511 1539 vocatur
2537 1474 2829 1539 caelestis:
2881 1473 3066 1537 simile
3097 1482 3191 1538 est

1093 1575 1243 1640 inter
1283 1574 1484 1648 finem,
1543 1598 1777 1641 causam
1819 1589 1877 1641 et
1920 1574 2223 1651 effectum,
2276 1587 2337 1640 ut
2381 1576 2538 1660 quod
2580 1574 2818 1639 effectus
2857 1597 2972 1638 non
3005 1574 3193 1661 possit

1093 1677 1308 1763 perfici,
1348 1687 1412 1742 ut
1442 1676 1543 1741 fiat
1571 1679 1721 1742 sicut
1747 1700 1852 1742 sua
1882 1700 2077 1751 causa,
2114 1698 2224 1741 nec
2249 1698 2423 1741 causa
2456 1688 2515 1739 ut
2546 1675 2645 1740 fiat
2678 1678 2829 1741 sicut
2855 1698 2994 1741 suus
3020 1673 3187 1740 finis:

1089 1779 1200 1843 linc
1245 1779 1521 1844 illustrari
1571 1789 1763 1866 potest
1810 1801 1914 1868 per
1972 1777 2445 1867 atmosphaeras,
2502 1799 2751 1864 quarum
2799 1787 2917 1841 tres
2964 1776 3191 1861 gradus

1085 1891 1250 1955 sunt,
1304 1880 1479 1945 datur
1505 1882 1660 1945 enim
1690 1901 1834 1945 aura
1861 1902 2164 1969 suprema,
2220 1880 2425 1944 aether
2460 1880 2571 1943 sub
2612 1878 2742 1954 illa,
2792 1888 2851 1943 et
2887 1885 2993 1942 ae'r
3025 1876 3187 1943 infra

1089 1983 1273 2052 hunc;
1327 1990 1386 2044 et
1427 1982 1676 2068 qualitas
1714 1984 1909 2069 aliqua
1952 1982 2105 2046 aeris
2148 2002 2265 2044 non
2308 1990 2495 2068 potest
2538 1979 2760 2046 elevari
2803 1982 2878 2043 ad
2921 1980 3187 2065 aliquam

1089 2081 1431 2167 qualitatem
1473 2082 1756 2159 aetheris,
1808 2104 1916 2145 nec
1952 2082 2126 2166 hujus
2163 2083 2237 2145 ad
2281 2082 2538 2168 aliquam
2577 2081 2920 2166 qualitatem
2965 2101 3186 2153 aurae;

1089 2195 1145 2247 et
1173 2191 1369 2247 tamen
1398 2184 1648 2248 elevatio
1678 2183 2101 2271 perfectionum
2129 2184 2188 2246 in
2217 2182 2502 2246 infinitum
2534 2183 2707 2246 datur
2737 2170 2803 2245 in'
2824 2181 3186 2267 unaquavis:

1097 2283 1165 2347 ln
1203 2284 1402 2347 lumen
1442 2284 1775 2370 spirituale,
1828 2283 1985 2371 quod
2029 2305 2146 2347 non
2177 2285 2353 2370 possit
2382 2306 2551 2347 amor
2592 2280 2901 2357 naturalis,
2955 2283 3056 2368 qui
3099 2292 3189 2349 est

1097 2385 1353 2462 hestiae,
1405 2387 1624 2451 elevari
1653 2387 1711 2449 in
1741 2407 2001 2450 amorem
2037 2384 2427 2471 spiritualem,
2482 2387 2581 2471 qui
2624 2407 2656 2448 a
2699 2385 2995 2448 creatione
3035 2383 3187 2448 indi-

1093 2496 1185 2551 tus
1212 2497 1296 2550 est
1329 2486 1580 2565 homini;
1634 2488 1819 2551 simile
1857 2497 1944 2552 est
1972 2509 2100 2550 cum
2141 2487 2522 2573 intelligentia
2553 2486 2804 2550 naturali
2847 2486 3064 2550 bestiae
3090 2507 3188 2550 re-

1093 2587 1348 2676 spective
1376 2588 1450 2652 ad
1490 2588 1932 2676 intelligentiam
1975 2587 2337 2674 spiritualem
2380 2586 2665 2651 hominis:
2720 2587 2817 2650 sed
2856 2586 3007 2650 haec
3043 2588 3185 2674 quia
3293 2648 3294 2656 ,

1089 2688 1279 2753 adhuc
1309 2691 1507 2776 ignota
1533 2699 1700 2763 sunt,
1752 2690 2198 2778 explicabuntur
2226 2689 2380 2752 alibi.
2439 2689 2521 2752 Ex
2557 2688 2644 2752 his
2675 2698 2943 2752 constare
2975 2697 3187 2773 potest,
3293 2697 3294 2702 ’

1089 2791 1244 2876 {quod
1276 2792 1626 2857 universalia
1654 2791 1861 2855 Mundi
1902 2791 2018 2856 sint
2059 2793 2321 2878 perpetui
2365 2790 2488 2881 typi
2524 2789 2833 2854 lnlinitatis
2863 2789 2972 2852 Dei
3002 2789 3190 2854 Crea-

1085 2892 1260 2954 toris:
1316 2893 1612 2980 quomodo
1654 2901 1851 2955 autem
1896 2892 2217 2976 singularia
2263 2892 2636 2954 aemulantur
2683 2891 3073 2968 universalia,
3132 2899 3191 2954 et

1089 3004 1529 3080 repraesentant
1573 2993 1931 3058 Infinitatem
1982 2994 2126 3070 Dei,
2178 3004 2264 3057 est
2310 2994 2604 3084 Abyssus,
2656 3001 2713 3054 et
2756 3000 2842 3055 est
2886 2992 3189 3068 Oceanu8‚

1089 3096 1145 3156 In
1177 3115 1292 3178 quo
1320 3095 1488 3158 Mens
1513 3095 1771 3159 humana
1803 3105 1990 3183 potest
2030 3096 2175 3158 sicut
2218 3095 2528 3178 navigare.
2585 3094 2684 3158 sed
2728 3092 2958 3156 cavebit
2999 3093 3112 3156 sibi
3154 3114 3191 3157 a

1093 3195 1342 3280 procella
1377 3217 1408 3258 e
1440 3197 1695 3259 naturali
1721 3195 1959 3260 homine
1988 3205 2365 3278 exsurgente,
2422 3216 2573 3280 quae
2613 3215 2821 3260 navem
2854 3216 2986 3256 curn
3018 3194 3195 3258 malis

1089 3304 1141 3356 et
1177 3296 1350 3370 velis,
1405 3319 1436 3358 a
1471 3297 1683 3383 puppi,
1737 3298 1834 3360 ubi
1864 3296 2149 3360 naturalis
2178 3295 2354 3359 honio
2381 3297 2492 3360 sibi
2522 3295 2819 3359 conlidens
2846 3304 2993 3369 stat,
3044 3294 3192 3360 sub·

1089 3406 1330 3481 tttflt‘gel.

1242 3501 1346 3560 33.
1419 3497 1520 3560 vl.
1569 3495 1760 3575 Quor>
1806 3517 1986 3562 omne
2029 3516 2327 3560 cunarum
2370 3516 2466 3561 srr
2518 3519 2822 3573 murrum,
2876 3519 2953 3561 Εἰ·
3004 3517 3192 3576 quon

1093 3600 1433 3662 Inmm'rum
1456 3617 1554 3660 sn·
1581 3616 1645 3662 m
1675 3615 1901 3662 murus
1933 3619 2010 3661 ur
2041 3617 2102 3661 m
2136 3617 2620 3674 RECEPTAcums,
2673 3621 2748 3663 ΕΤ
2773 3618 2947 3676 Quor>
2974 3619 3041 3664 m
3070 3618 3193 3663 no-

1093 3718 1352 3762 numnus
1385 3720 1465 3761 υτ
1493 3718 1556 3762 m
1586 3718 1718 3763 sms
1744 3717 2137 3762 fflAcmmus.
2211 3699 2385 3779 Quod
2429 3722 2599 3762 omne
2634 3711 2893 3764 creatum
2937 3701 3009 3764 sit
3053 3695 3190 3762 fini·

1089 3812 1242 3874 tum,
1287 3809 1370 3861 est
1403 3799 1536 3883 quia
1568 3822 1600 3861 a
1631 3797 1910 3863 Jehovah
1938 3799 2065 3863 Deo
2095 3801 2289 3862 onmia
2322 3822 2426 3888 per
2448 3800 2645 3865 Solem
2676 3800 2877 3864 Mundi
2908 3799 3190 3888 spiritua-

1089 3900 1185 3976 lis,¹
1239 3899 1337 3984 qui
1367 3899 1627 3986 proxime
1649 3900 1834 3965 ambit
1860 3899 2055 3988 Ipsum
2073 3950 2087 3975 ‚
2129 3910 2189 3963 et
2214 3900 2315 3964 Sol
2341 3901 2436 3964 ille
2466 3912 2549 3965 est
2578 3923 2648 3965 ex
2674 3901 3001 3966 substantia
3028 3922 3187 3988 quae

1085 4024 1157 4064 nx
1186 3998 1321 4086 lpso
1349 4001 1563 4078 exivit,
1617 4001 1781 4088 cujus
1821 4002 2070 4067 essentia
2113 4011 2199 4066 est
2228 4022 2426 4075 amon
2476 4023 2547 4066 ex
2584 4003 2686 4067 illo
2712 4002 2848 4066 Sole
2888 4025 2994 4092 per
3024 4001 3188 4066 calo-
3293 4039 3294 4079 3

1089 4122 1211 4164 rem
1243 4111 1302 4165 et
1331 4101 1520 4166 lucem
1547 4103 1673 4187 ejus
1700 4113 1965 4168 creatum
2014 4112 2101 4167 est
2141 4102 2497 4169 Universum
2539 4126 2571 4168 a
2621 4103 2820 4192 primis
2861 4104 2935 4168 ad
2977 4104 3185 4169 ultima
3293 4158 3294 4163 ,

1089 4200 1240 4284 ojus3
1294 4202 1392 4268 sed
1427 4224 1797 4292 progressum
1832 4202 2143 4270 creationis
2172 4204 2229 4267 in
2260 4205 2464 4270 ordine
2497 4227 2823 4293 exponere,
2867 4224 2982 4270 non
3008 4204 3186 4292 hujus
