3309 4775
716 398 759 448 1.
843 397 1068 450 DEUS
1111 396 1551 450 CREATOR.
1597 427 1663 438 -
1709 396 2184 452 INFINITAS
2224 398 2390 449 DE1.
2531 409 2604 459 115

509 574 644 616 cum
685 550 1114 614 Communione
1159 550 1388 626 dicunt,
1443 551 1600 638 quod
1646 552 1809 616 Deus
1849 552 2139 614 creaverit
2177 550 2501 627 Naturam,
2551 562 2609 616 et

505 654 642 716 inde
674 661 915 740 possunt
957 662 1074 715 tam
1119 672 1305 737 aeque
1346 651 1572 727 dicere,
1627 655 1785 738 quod
1831 653 1961 726 illa,
2014 673 2167 738 quae
2213 652 2442 729 vident,
2497 652 2609 717 Dei

508 756 659 830 sint,
711 775 887 840 quam
938 753 1094 839 quod
1145 762 1394 816 naturae
1433 754 1580 822 sint;
1635 755 1734 817 sed
1779 754 2140 839 respondent
2184 764 2326 818 tono
2375 755 2608 820 interno

513 876 699 942 paene
733 856 943 926 tacito,
991 853 1128 939 quid
1176 854 1339 917 Deus
1376 853 1484 917 nisi
1524 854 1791 919 Natura:
1845 855 2255 942 apparentvilli
2298 876 2500 919 omnes
2539 876 2609 919 ex

512 957 890 1045 persuasione
920 956 992 1018 de
1023 956 1320 1018 creatione
1350 953 1626 1019 Universi
1658 976 1726 1019 ex
1753 956 2022 1030 Natura,
2071 966 2128 1019 et
2157 977 2227 1020 ex
2262 955 2485 1020 insania
2513 955 2612 1020 illa

512 1059 661 1123 sicut
691 1079 760 1120 ex
784 1056 1106 1141 sapientia,
1153 1056 1423 1139 gloriosi,
1477 1055 1626 1120 adeo
1660 1066 1721 1121 ut
1754 1056 2039 1144 aspiciant
2069 1078 2272 1121 omnes
2298 1058 2398 1145 qui
2427 1076 2610 1143 agno·

517 1168 684 1223 scunt
714 1157 1083 1221 Creationem
1117 1155 1391 1221 Universi
1422 1178 1452 1218 a
1487 1156 1647 1233 Deo,
1686 1159 1836 1222 sicut
1866 1156 2172 1233 formicas,
2217 1179 2367 1244 quae
2399 1168 2611 1244 repunt

516 1258 709 1332 humi,
766 1269 824 1321 et
871 1266 1069 1321 terunt
1112 1266 1355 1320 stratam
1407 1258 1598 1332 viam,
1655 1267 1714 1321 et
1754 1257 2036 1345 quosdam
2082 1260 2232 1323 sicut
2276 1256 2615 1345 papiliones,

518 1361 706 1446 quiin
741 1365 877 1423 aiire
911 1358 1146 1433 volant,
1203 1367 1481 1422 vocantes
1520 1357 1755 1423 illorum
1797 1360 2105 1443 dogmata,
2158 1359 2416 1434 somnia,
2473 1359 2611 1446 quia

517 1461 716 1524 vident
759 1480 912 1546 quae
955 1480 1074 1521 non
1118 1458 1348 1533 vident,
1404 1459 1697 1534 dicentes,
1750 1460 1880 1545 quis
1917 1460 2059 1523 vidit
2102 1460 2323 1535 Deum,
2378 1469 2436 1523 et
2480 1462 2610 1547 quis

513 1582 633 1625 non
661 1560 820 1625 videt
847 1560 1158 1624 Naturam.
1231 1559 1485 1640 Quando
1531 1561 1589 1623 in
1633 1570 1876 1647 stupore
1921 1560 1993 1623 de
2036 1561 2360 1624 multudine
2403 1558 2609 1625 taliu'm

513 1682 715 1737 eram,
767 1657 988 1724 adstitit
1019 1659 1154 1723 mibi
1185 1682 1218 1723 a
1248 1661 1432 1724 latere
1459 1660 1750 1747 Angelus,
1806 1671 1863 1725 et
1908 1662 2048 1725 dixit
2090 1661 2260 1737 mibi,
2311 1660 2447 1747 quid
2489 1683 2610 1726 me-

512 1762 748 1836 ditaris,
797 1772 850 1824 et
880 1761 1191 1849 respondi,
1237 1762 1308 1825 de
1342 1761 1713 1825 multitudine
1750 1762 1971 1839 talium,
2012 1763 2108 1849 qui
2139 1764 2403 1837 credunt,
2449 1763 2608 1849 quod

511 1863 746 1929 Natura
776 1865 843 1928 sit
875 1886 945 1927 ex
971 1884 1053 1938 se,
1100 1871 1158 1925 et
1198 1864 1280 1928 sic
1318 1865 1570 1927 creatrix
1600 1864 1908 1938 Universi,
1963 1873 2021 1927 et
2062 1864 2206 1928 dixit
2248 1863 2388 1927 mihi
2415 1862 2613 1951 Ange-

510 1966 636 2042 luS,
685 1955 870 2029 totum
903 1964 1205 2029 Infernum
1235 1988 1304 2029 ex
1336 1965 1548 2030 talibus
1575 1976 1695 2039 est,
1749 1974 1807 2028 et
1837 1974 2129 2029 vocantur
2157 1966 2239 2028 ibi
2268 1964 2523 2030 Satanae
2552 1975 2609 2028 et

512 2066 785 2142 Diaboli,
839 2067 1090 2130 Satanae
1133 2067 1231 2151 qni
1267 2065 1766 2130 confirmaverunt
1805 2086 1866 2130 se
1909 2088 2015 2151 pro
2055 2066 2319 2141 Natura,
2373 2075 2432 2131 et
2473 2066 2606 2130 inde

514 2177 886 2254 negaverunt
926 2167 1151 2242 Deum,-
1203 2168 1435 2231 Diaboli
1482 2169 1581 2253 qui
1623 2167 1953 2231 facinorose
1998 2168 2299 2242 vixerunt,
2350 2177 2408 2230 et
2454 2169 2537 2232 sic
2576 2189 2609 2231 e

516 2270 790 2333 cordibus
836 2290 1069 2330 omnem
1111 2269 1468 2383 agnitionem
1511 2268 1621 2331 Dei
1662 2268 2023 2348 rejecerunt.
2076 2269 2178 2331 sed
2223 2268 2507 2333 deducam
2550 2280 2608 2330 te

512 2372 588 2436 ad
617 2368 974 2461 Gymnasia,
1013 2392 1179 2477 quae
1208 2371 1264 2431 in
1300 2370 1481 2454 Plaga
1515 2368 1881 2434 meridionali
1911 2369 2259 2434 occidentali
2296 2380 2465 2447 sunt,
2508 2369 2607 2434 ubi

513 2473 690 2543 tales,
743 2484 801 2534 et
827 2452 1087 2536 nondtim
1130 2473 1186 2533 in
1230 2467 1470 2535 lnte'rno
1499 2480 1671 2536 sunt:
1727 2479 1784 2534 et
1815 2471 2121 2558 prehendit
2156 2492 2249 2535 me
2290 2493 2499 2546 manu,
2537 2479 2610 2534 et

515 2574 801 2644 deduxit,
825 2583 881 2636 et
912 2572 1028 2636 vidi
1057 2573 1469 2647 domunculas,
1513 2573 1570 2635 in
1601 2572 1815 2659 quibus
1844 2571 2199 2661 Gymnasia‚
2244 2581 2302 2634 et
2329 2573 2385 2634 in
2416 2572 2608 2635 medio

513 2675 748 2740 illarum
789 2695 999 2749 unam,
1052 2695 1205 2759 quae
1249 2683 1375 2736 erat
1428 2676 1577 2738 sicut
1627 2674 1999 2740 Praetorium
2048 2674 2441 2758 reliqum-unu
2494 2671 2609 2735 hoc

516 2785 916 2840 constructum
973 2784 1099 2837 erat
1146 2797 1216 2837 ex
1262 2775 1550 2861 lapidibus
1594 2774 1801 2861 piceis,
1856 2775 1954 2859 qui
2000 2774 2399 2858 superinducti
2444 2782 2613 2837 erant

514 2876 768 2941 lamellis
795 2877 944 2939 sicut
975 2876 1173 2939 vitreis
1201 2896 1272 2937 ex
1302 2897 1447 2938 auro
1479 2888 1533 2937 et
1565 2882 1812 2959 argento
1840 2875 2003 2959 quasi
2044 2873 2424 2949 micantibus,
2472 2894 2618 2961 qua-

514 2979 602 3042 les
628 2989 762 3042 sunt
791 2997 943 3063 quae
973 2985 1264 3039 vocantur
1289 2975 1560 3040 selenites
1599 2997 1701 3038 seu
1745 2974 1964 3062 lapides
2003 2975 2368 3062 speculares,
2422 2984 2479 3038 et
2517 2973 2614 3038 hic

516 3089 578 3144 et
608 3080 686 3143 ibi
716 3087 885 3142 erant
928 3077 1276 3162 interspersa
1319 3076 1620 3141 Concbilia
1667 3074 1927 3139 nitentia.
1993 3075 2131 3139 Huc
2170 3078 2516 3140 accessimus
2555 3084 2618 3139 et

520 3181 912 3267 pulsavimus,
955 3188 1012 3241 et
1057 3197 1190 3253 mox
1222 3200 1384 3242 ‘unus
1427 3177 1654 3266 aperuit
1688 3178 1959 3260 januam,
2005 3186 2063 3238 et
2104 3176 2282 3252 dixit,
2323 3177 2613 3243 beneven·

518 3290 674 3350 tote;
728 3291 786 3344 et
815 3281 1075 3345 cucurrit
1108 3279 1179 3341 ad
1211 3299 1500 3351 mensam,
1556 3286 1614 3340 et
1643 3277 1980 3365 apportavit
2008 3287 2263 3362 quatuor
2289 3277 2500 3354 libros,
2553 3286 2614 3341 et

516 3383 692 3458 dixit,
741 3382 798 3444 hi
826 3382 988 3445 Libri
1030 3391 1163 3443 sunt
1191 3379 1518 3468 Sapientia,
1566 3380 1657 3441 cui
1704 3379 2014 3442 multitudo
2054 3379 2399 3464 Regnorum
2441 3379 2613 3443 hodie

517 3483 852 3571 adplaudit,
907 3481 1045 3545 huic
1074 3482 1252 3544 Libro
1280 3503 1382 3545 seu
1411 3481 1746 3568 Sapientiae
1775 3478 2137 3569 adplaudunt
2175 3479 2343 3543 multi
2384 3481 2441 3543 in
2472 3479 2613 3545 Gal-

515 3585 632 3660 lia,
679 3584 813 3646 huic
848 3583 1012 3646 multi
1054 3584 1111 3645 in
1141 3581 1494 3658 Germania,
1546 3581 1684 3644 buic
1725 3580 1903 3667 aliqui
1944 3580 2002 3642 in
2043 3579 2327 3657 Batavia,
2380 3592 2439 3644 et
2477 3581 2614 3644 huic

518 3686 697 3771 aliqui
725 3686 781 3746 in
810 3684 1154 3748 Britannia:
1211 3706 1390 3771 porro
1422 3684 1594 3759 dixit,
1639 3683 1685 3747 si
1729 3683 1904 3746 vultis
1933 3680 2169 3755 videre,
2216 3681 2426 3745 faciam
2459 3693 2523 3746 ut
2544 3680 2611 3743 hi

514 3795 778 3873 quatuor
821 3785 982 3848 Libri
1029 3806 1226 3848 coram
1276 3785 1457 3848 oculis
1501 3783 1709 3848 vestris
1764 3783 2024 3852 luceant;
2077 3791 2137 3844 et
2175 3792 2315 3845 tunc
2363 3783 2613 3868 gloriam

513 3886 712 3951 famae
738 3907 878 3950 suae
910 3884 1112 3948 effudit
1140 3896 1197 3950 et
1227 3884 1632 3959 circumfudit,
1686 3892 1746 3948 et
1790 3884 1953 3948 Libri
2001 3903 2137 3945 mox
2173 3884 2323 3947 sicut
2362 3905 2432 3947 ex
2481 3884 2613 3948 luce

511 3988 834 4059 fulserunt;
889 3986 988 4051 sed
1017 3988 1165 4050 baec
1190 3987 1290 4052 lux
1317 4006 1516 4050 coram
1548 3984 1733 4050 oculis
1767 3985 1982 4050 nostris
2026 3982 2181 4047 illico
2225 3986 2500 4050 evanuit:
2554 3994 2614 4050 et

510 4100 654 4154 tunc
680 4088 1103 4175 quaesivimus,
1155 4089 1294 4176 quid
1329 4108 1490 4151 nunc
1515 4086 1748 4162 scribit,
1795 4097 1854 4150 et
1882 4085 2212 4171 respondit,
2268 4087 2425 4173 quod
2454 4105 2616 4148 nunc

507 4190 608 4254 illa
656 4211 810 4278 quae
856 4190 1096 4254 intimae
1151 4190 1474 4295 sapientiae
1519 4197 1654 4253 sunt
1703 4209 1736 4251 e
1790 4186 2078 4251 thesauris
2121 4186 2239 4250 suis
2293 4186 2507 4249 educat
2550 4194 2611 4248 et

506 4300 851 4380 expromat,
909 4310 1062 4380 quae
1116 4291 1175 4356 in
1219 4276 1570 4379 compendio
1608 4298 1745 4355 sunt
1783 4285 1969 4365 haec,
2049 4286 2095 4350 1.
2141 4283 2311 4350 Num
2352 4285 2608 4350 Natura
