3309 4775
614 376 720 436 1⁴04
840 371 1300 427 UMVERSA
1358 368 2000 433 THEOLOGIA'N.
2045 370 2112 427 C.
2154 370 2270 421 ΕΤ
2310 369 2380 422 Ν.
2420 371 2487 424 Ε.

608 538 714 593 vo's
760 523 990 612 loquuti
1030 525 1168 589 estis
1198 545 1439 611 prorsus
1465 522 2011 612 quemadmodum
1995 544 2054 586 ιιι
2083 523 2314 590 Mundo
2342 522 2731 636 cogitavistis,

607 626 947 693 nescientes
956 626 1121 723 quod
1163 646 1283 689 uon
1321 626 1381 689 in
1425 625 1529 690 illo
1557 623 1818 698 Mundo,
1867 623 1969 688 sed
2009 624 2070 688 in
2117 623 2265 699 alio,
2322 624 2420 709 qui
2471 632 2726 688 vocatur

574 727 871 792 'Mundus
918 716 1290 814 spiritualis,
1350 725 1523 805 sitis,
1572 745 1780 789 omnes
1822 724 1903 789 illi
1958 725 2059 810 qui
2101 723 2402 789 sensuales
2445 719 2724 809 corporei

609 828 751 894 facti
795 835 933 892 sunt
972 832 1044 890 e'x
1082 825 1627 890 confirmationibus
1667 846 1775 913 pro
1815 825 2083 899 Natura,
2138 846 2259 888 non
2297 826 2489 889 sciunt
2529 823 2742 901 aliter,

613 950 793 1017 quam
817 925 976 1014 quod
1003 928 1123 992 sint
1152 928 1209 989 iu
1237 925 1446 993 eodem
1477 924 1740 1002 Mundo,
1791 925 1849 988 in
1878 947 1999 1012 quo
2026 924 2149 990 nati
2188 934 2247 988 et
2275 918 2507 991 educati
2547 936 2723 996 sunu

514 1080 519 1086 .
612 1051 788 1095 eausa
817 1037 927 1103 est,
965 1028 1101 1115 qnia
1129 1027 1206 1090 ibi
1237 1026 1475 1091 fuerunt
1502 1026 1563 1089 in
1592 1018 2189 1112 corpore-materiali,
2229 1023 2327 1088 bie
2356 1034 2555 1088 autem
2584 1035 2723 1096 sunt

610 1131 673 1194 in
701 1150 953 1217 corpore
987 1126 1389 1202 substantiali,
1441 1135 1501 1189 et
1527 1125 1709 1191 bomo
1736 1122 2139 1191 substantialis
2166 1125 2324 1191 videt
2351 1146 2413 1190 se
2440 1135 2498 1189 et
2524 1130 2722 1191 socios
2757 1150 2764 1156 ·

612 1231 834 1296 circum
862 1251 957 1304 se,
1009 1250 1248 1317 prorsus
1275 1227 1427 1291 sicut
1448 1225 1636 1291 -bomo
1665 1226 1985 1312 materialis
2015 1225 2172 1290 videt
2202 1247 2265 1291 se
2295 1235 2358 1299 et
2375 1226 2575 1310 socios
2606 1227 2722 1290 cir-

614 1353 749 1418 cum
778 1344 887 1403 'se;
939 1339 1025 1394 est
1070 1329 1223 1392 enim
1257 1327 1643 1392 substantiale
1685 1327 2046 1417 primitivum
2076 1326 2432 1403 materialis,
2486 1334 2545 1389 et
2578 1326 2721 1411 quia

614 1429 921 1517 cogitatis,
973 1429 1214 1504 videtis,
1268 1425 1561 1503 odoratis,
1612 1431 1895 1516 gustatis,
1946 1437 2003 1491 et
2031 1425 2336 1513 loquimini
2361 1426 2627 1491 similiter
2659 1435 2722 1489 ut

616 1532 680 1594 iu
708 1528 936 1595 Mundo
963 1527 1218 1592 naturali
1235 1560 1251 1602 ,-
1304 1527 1438 1591 id'eo
1467 1528 1736 1604 creditis,
1789 1527 1946 1614 quod
1994 1527 2200 1591 eadem
2226 1529 2475 1593 Natura
2503 1524 2600 1590 hi'c
2629 1528 2725 1603 sit,

614 1652 747 1692 cum
779 1640 975 1693 tamen
1004 1629 1176 1716 hujus
1205 1627 1411 1694 Mundi
1440 1628 1654 1693 natura
1683 1637 1914 1692 tantum
1940 1625 2136 1691 differt
2157 1636 2220 1707 ,et
2248 1629 2424 1692 distat
2452 1627 2530 1691 ab
2551 1627 2760 1701 illius·

612 1730 821 1796 Mundi
879 1739 1139 1806 natura,
1177 1737 1464 1815 quantum
1507 1728 1895 1793 substantiale
1942 1728 1988 1790 ιι
2023 1729 2347 1800 materiali,
2402 1750 2510 1792 seu
2550 1728 2723 1813 spiri-

613 1831 773 1895 tuale
802 1852 836 1896 a
866 1830 1157 1906 naturali,
1205 1846 1331 1907 seu]
1356 1830 1514 1913 prius
1551 1850 1584 1893 a
1616 1828 1964 1916 posteriori;
2017 1838 2075 1890 et
2116 1829 2251 1914 qnia
2281 1829 2514 1893 Natura
2546 1830 2723 1893 Mun-

615 1931 704 2005 di,
756 1932 814 2004 in
854 1946 970 2016 qua
1011 1930 1171 2018 prius
1213 1929 1463 2004 vixistis,
1515 1939 1604 1995 est
1642 1931 1971 2017 respective
2004 1926 2274 2004 mortua,
2325 1929 2457 1993 ideo
2499 1915 2608 1992 vos
2649 1950 2718 1992 ex

616 2029 1168 2097 confirmationibus
1207 2052 1314 2118 pro
1359 2028 1458 2105 illa
1505 2029 1647 2093 facti
1691 2029 1833 2094 estis
1866 2029 2323 2107 sicutmortui,
2357 2030 2466 2093 sed
2509 2029 2565 2091 in
2609 2019 2722 2092 iu'is'

616 2151 773 2217 quae
801 2130 947 2204 Dei,
1003 2129 1574 2195 Caeli‘et-Ecclesiae
1600 2139 1768 2205 sunt,
1821 2138 1880 2194 et
1907 2151 2146 2217 quoque
2176 2131 2236 2192 in
2276 2127 2376 2214 illa
2417 2150 2522 2201 re,
2565 2151 2719 2214 quae

616 2229 864 2294 Animas
908 2239 1134 2295 vestras
1171 2224 1426 2318 spectat:
1479 2230 1603 2297 sed,
1635 2230 2061 2316 usque-omnis
2101 2227 2314 2304 homo,
2370 2241 2488 2293 tam
2533 2229 2723 2294 malus

617 2350 812 2417 quam
830 2328 1050 2406 bonus,
1100 2339 1291 2419 potest
1318 2329 1516 2417 quoad
1544 2328 1905 2395 intellectum
1938 2329 2160 2396 elevari
2202 2351 2388 2417 usque
2427 2330 2488 2406 in
2525 2315 2716 2408 lucem
2757 2413 2763 2419 θ

614 2432 675 2495 in
716 2452 833 2517 qua
881 2439 1017 2495 sunt
1056 2430 1268 2518 Angeli
1307 2431 1504 2506 Caeli,
1558 2443 1618 2498 et
1662 2440 1804 2496 tunc
1841 2431 2044 2497 videre
2089 2433 2248 2519 quod
2295 2431 2460 2497 Deus
2498 2433 2608 2508 sit',
2660 2442 2719 2494 et

614 2531 773 2619 quod
820 2531 940 2596 vita
987 2543 1117 2619 post
1161 2520 1413 2597 mortem
1461 2531 1568 2609 sit,
1615 2542 1682 2597 et
1719 2532 1879 2619 quod
1924 2523 2139 2596 Anima
2180 2531 2437 2598 bominis
2481 2553 2601 2596 nou
2639 2532 2728 2597 sit-

614 2632 927 2720 aetberea,
979 2645 1036 2699 et
1062 2635 1144 2699 sic
1172 2654 1244 2697 ex
1273 2642 1486 2697 natura
1514 2633 1681 2698 istius
1706 2632 1947 2709 Mundi,
1986 2633 2089 2718 sed
2117 2632 2462 2721 spiritualis,
2504 2642 2563 2696 et
2588 2632 2720 2695 ideo

611 2734 840 2798 victura
868 2734 930 2797 in
957 2744 1297 2807 aeternnm;
1332 2734 1709 2799 intellectus
1693 2754 1750 2795 ιιι
1781 2734 2044 2819 angelica
2073 2732 2170 2796 illa
2199 2732 2330 2796 luce
2358 2725 2548 2817 potest
2576 2753 2723 2808 esse,

613 2835 753 2899 dum
782 2834 959 2900 modo
996 2833 1231 2900 artiores
1267 2834 1599 2911 naturales,
1658 2835 1757 2922 qui
1797 2842 1935 2899 sunt
1976 2856 2044 2897 ex
2088 2829 2316 2900 Mundo
2358 2843 2418 2898 et
2465 2855 2573 2922 pro
2614 2833 2726 2906 juo

611 2935 850 3022 ejusque
877 2944 1127 3012 natura,
1179 2945 1239 2999 et
1273 2958 1342 3000 ex
1371 2956 1622 3024 corpore
1650 2946 1711 3001 et
1752 2956 1861 3026 pro
1899 2934 2001 2998 illo
2032 2934 2582 3021 ejusque-proprio,
2625 2954 2723 3009 re-

552 3061 557 3066 ·
610 3044 957 3109 moventur;
1009 3046 1067 3099 et
1108 3035 1264 3100 illico
1305 3046 1446 3101 tunc
1471 3056 1519 3104 ,a
1563 3037 1824 3103 Domino
1839 3051 1875 3112 ,’‘
1910 3037 2124 3099 remoti
2164 3043 2302 3098 sunt
2342 3034 2423 3097 illi
2465 3033 2726 3109 amores,-

588 3143 671 3197 *et
701 3133 903 3197 datum
932 3144 1021 3199 est
1047 3136 1159 3199 illis
1184 3136 1345 3222 loqui
1376 3157 1506 3199 cum
1535 3135 1812 3222 Angelis,
1851 3143 1911 3199 et
1950 3157 2023 3199 ex
2064 3133 2300 3199 illorum
2341 3155 2615 3212 sermone
2655 3134 2722 3197 in

609 3233 712 3297 illo
737 3241 894 3297 statu
926 3244 1328 3321 perceperunt.
1345 3236 1503 3321 quod
1533 3233 1695 3299 Deus
1726 3236 1834 3307 sit,
1890 3244 1950 3297 et
1989 3237 2146 3323 quod
2188 3246 2318 3323 post
2362 3244 2615 3300 mortem
2657 3235 2727 3303 in

611 3311 728 3396 alio
756 3332 986 3398 Mundo
1014 3333 1249 3408 vivant,
1307 3354 1504 3448 quare
1532 3334 1758 3446 [ιιιιίοιιι
1784 3318 1983 3400 suffusi
2024 3346 2191 3411 sunt,
2248 3344 2306 3398 et
2344 3334 2723 3402 exclamave-

613 3441 807 3507 runt,
839 3433 1263 3513 insanivimus,
1275 3433 1733 3507 insanivimus;
1784 3434 1885 3498 sed
1913 3436 2048 3522 quia
2089 3436 2185 3500 bic
2221 3444 2411 3501 status
2450 3445 2568 3499 n'on
2609 3434 2724 3499 fuit

607 3531 843 3597 illorum
876 3535 1180 3633 proprius,
1224 3542 1297 3596 et
1318 3532 1453 3596 inde
1492 3543 1622 3633 post
1661 3533 1886 3623 aliquot
1930 3536 2152 3601 minuta
2195 3535 2490 3608 taediosus
2529 3546 2588 3600 et
2629 3536 2722 3598 in-

610 3642 815 3717 gratus
839 3627 1063 3702 sactus
1085 3643 1207 3732 est,
1262 3644 1608 3698 averterunt
1651 3657 1715 3700 se
1756 3658 1806 3700 a·
1835 3636 2198 3711 Sacerdote,
2251 3647 2309 3699 et
2349 3654 2476 3700 uon·
2513 3636 2724 3730 voluef

611 3729 759 3795 runt
779 3734 997 3799 audire
1012 3718 1139 3819 ejus
1169 3734 1479 3819 loquelam
1494 3737 1776 3830 amplius,
1811 3746 1888 3801 ·et
1912 3739 1997 3801 sic
2036 3737 2338 3801 redierunt
2379 3739 2441 3801 in
2483 3756 2726 3812 amores

609 3832 866 3920 priores,
909 3836 1030 3920 qui
1070 3843 1242 3905 erant
1284 3853 1441 3900 mere
1485 3836 1812 3914 naturales,
1869 3837 2151 3901 mundani
2196 3839 2258 3900 et'
2299 3837 2602 3930 corporei,
2656 3845 2724 3899 et

492 3953 499 3959 ·
608 3918 927 3999 abi'verunt
950 3934 1028 4000 ad
1053 3934 1388 4037 sinistrum,
1440 3949 1473 4000 a
1514 3940 1799 4013 societate
1844 3938 1904 4007 in
1944 3937 2325 4011 societatem,
2347 3947 2436 4001 et
2476 3919 2724 4001 tandem

609 4044 902 4098 venerunt
929 4036 1004 4101 ad
1034 4029 1209 4119 viam,
1240 4037 1339 4101 ubi
1337 4037 1613 4129 jusunda
1635 4044 1909 4103 amorum
1929 4024 2164 4102 illorum
2187 4037 2539 4104 afflavernnt
2565 4036 2723 4112 illos,

524 4186 530 4192 ,
606 4143 664 4193 et
697 4133 986 4213 dixerunt,
1013 4114 1168 4201 banc
1203 4137 1375 4204 viam
1386 4144 1621 4214 eamus,
1627 4148 1728 4201 et
1761 4139 2017 4213 iverunt,
2061 4145 2121 4201 et
2148 4136 2614 4212 descenderunt,
2657 4145 2725 4199 et

614 4234 852 4327 tandem
900 4246 1213 4304 venerunt
1231 4237 1307 4302 ad
1352 4235 1521 4311 illos,
1574 4235 1675 4322 qui
1718 4238 1779 4299 ἰιι
1818 4226 2089 4320 jucundis
2127 4235 2402 4301 similiu‘m
2440 4251 2730 4303 amorum
