3309 4775
669 367 769 416 toti
890 354 1350 410 UNIVERSA
1406 354 1942 410 THEOLOGlA
1989 358 2056 412 N.
2101 356 2165 412 C.
2209 357 2325 410 ΕΤ
2368 355 2435 408 Ν.
2481 357 2548 411 Β.

657 507 990 584 hominem,
1045 509 1143 596 qui
1176 507 1237 570 in
1265 508 1526 574 Domino
1562 520 1682 586 est,
1737 510 1968 587 facere,
2023 510 2178 573 unde
2220 509 2267 574 si
2310 508 2438 597 quis
2478 509 2775 575 minacem

657 608 886 675 vultum
919 610 1166 687 exserit,
1217 610 1415 674 subito
1456 611 1705 675 retrahit
1742 633 1840 689 se,
1892 611 2042 675 sicut
2078 613 2324 675 sentiret
2369 609 2668 674 vulturem
2708 611 2770 675 in

657 711 787 774 sinu
817 712 1073 799 pectoris
1098 712 1224 787 sui,
1276 720 1602 775 tentantem
1633 712 1939 798 perforare
1968 713 2129 776 illum
2162 732 2345 800 usque
2374 713 2449 774 ad
2477 733 2617 786 cor;
2671 732 2778 798 per

655 811 811 878 feras
844 810 1021 875 etiam
1054 811 1113 874 in
1141 811 1343 877 Verbo
1386 813 1807 878 describuntur
1831 813 2084 901 Spiritus
2122 811 2471 885 infernalem
2527 811 2589 875 hi
2628 833 2776 898 quo·

656 934 773 999 que
801 934 907 1000 per
942 909 1130 988 feras,
1185 904 1319 976 cum
1363 914 1575 1000 quibus
1604 914 1897 978 Dominus
1928 918 2007 978 40
2046 915 2169 977 dies
2211 923 2367 988 erat,
2420 913 2577 1000 apud
2610 913 2776 979 Mar-

657 1035 790 1076 cum
832 1012 973 1100 Cap.
1023 1013 1083 1077 I:
1132 1017 1246 1090 13,
1291 1013 1722 1100 intelliguntur.
1788 1014 2141 1103 Comparari
2171 1014 2349 1077 etiam
2380 1022 2594 1100 potest,
2639 1033 2777 1077 cum

657 1113 988 1179 resistentia
1029 1124 1240 1179 contra
1280 1115 1624 1182 universum
1654 1114 1998 1190 Oceanum,
2053 1136 2184 1178 cum
2227 1113 2503 1179 fluctibus
2540 1113 2663 1178 suis
2695 1114 2776 1177 ir·

657 1223 1032 1302 rumpentem
1072 1207 1132 1276 iii
1176 1217 1448 1302 regiones
1486 1225 1543 1279 et
1586 1215 1798 1292 urbes,
1851 1216 2127 1303 disruptis
2171 1215 2368 1287 vallis;
2432 1214 2775 1300 subjugatio

658 1312 883 1379 Inferni
931 1335 964 1378 a
1018 1315 1277 1379 Domino
1330 1317 1507 1380 etiam
1562 1316 1912 1403 intelligitur
1965 1338 2070 1404 per
2124 1316 2283 1404 quod
2339 1313 2779 1402 compescuerit

659 1416 829 1481 Mare
874 1435 978 1504 per
1016 1416 1172 1500 quod
1214 1416 1456 1492 dixerit,
1510 1414 1658 1494 sile,
1712 1417 2077 1494 obmutesce,
2128 1418 2316 1482 Marc.
2355 1414 2469 1481 IV:
2521 1418 2627 1479 38.
2665 1419 2771 1479 39.
2826 1494 2832 1501 ⁹

658 1513 871 1582 Matth.
907 1514 1084 1583 Vlllt
1125 1521 1229 1581 26.
1283 1517 1424 1581 Luc.
1461 1517 1644 1583 VIII:
1692 1521 1795 1583 28.
1832 1521 1951 1591 24;
2008 1539 2114 1604 per
2146 1519 2319 1584 Mare
2345 1516 2504 1579 enim
2532 1513 2648 1591 ibi,
2706 1523 2774 1580 ut

656 1619 716 1681 in
747 1616 1013 1707 pluribus
1045 1615 1172 1681 aliis
1213 1604 1388 1694 locis,
1422 1616 1807 1705 'significatur
1847 1618 2171 1684 Internum.
2252 1617 2546 1681 Dominus
2589 1636 2660 1679 ex
2699 1617 2777 1680 si·

655 1717 778 1782 miti
834 1718 1096 1805 potentia
1154 1719 1402 1796 Divina,
1477 1719 1654 1783 hodie
1712 1729 1935 1806 pugnat
1990 1731 2197 1785 contra
2250 1716 2556 1782 Inseruutn
2610 1717 2773 1805 apud

654 1819 1115 1906 unumquemvis
1142 1818 1479 1896 hominem,
1533 1822 1634 1908 qui
1664 1831 2084 1909 regeneratur,
2137 1841 2274 1884 nam
2312 1817 2617 1882 Internum
2643 1838 2774 1880 om-

653 1941 760 1985 nes
784 1919 915 1983 illos
941 1920 1236 1984 diabolico
1265 1920 1468 1986 furore
1498 1922 1871 2008 aggreditur,
1926 1923 2028 1986 cui*
2062 1922 2169 1985 nisi
2200 1919 2492 1984 Dominus
2531 1917 2774 1992 resistit,

657 2029 714 2082 et
744 2019 883 2083 illud
915 2018 1151 2096 domat,
1203 2020 1386 2086 homo
1425 2042 1546 2086 non
1594 2032 1783 2108 potest
1822 2030 1943 2089 no‘n
1981 2022 2406 2088 succumbere:
2463 2017 2773 2082 Internum

657 2120 814 2182 enim
856 2130 942 2184 est
969 2121 1118 2184 sicut
1149 2143 1299 2188 unus
1331 2123 1515 2186 homo
1557 2134 1952 2202 monstrosus,
2005 2144 2077 2189 ac
2120 2123 2272 2187 sicut
2311 2120 2586 2184 immanis
2623 2119 2774 2194 Leo,

657 2242 791 2282 cum
823 2242 942 2306 quo
969 2221 1147 2284 etiam
1175 2223 1236 2285 in
1263 2224 1462 2289 Verbo
1493 2235 1896 2309 comparatur,
1933 2245 2119 2313 quare
2145 2221 2256 2286 nisi
2288 2220 2583 2285 Dominus
2607 2220 2773 2284 illum

659 2319 919 2385 Leonem
948 2330 1051 2385 aut
1080 2322 1222 2389 illud
1248 2326 1580 2391 Monstrum
1613 2326 1857 2393 manicis
1882 2335 1941 2390 et
1969 2324 2186 2415 pedicis
2218 2322 2481 2387 vinctum
2520 2329 2769 2398 teneret,

658 2429 780 2485 non
809 2425 1091 2510 potuisset
1119 2425 1322 2503 aliter,
1377 2427 1517 2514 quin
1547 2436 1612 2491 ut
1637 2429 1849 2505 homo,
1895 2428 2032 2492 dum
2062 2427 2139 2491 ab
2169 2446 2286 2489 uno
2317 2421 2476 2487 malo
2503 2423 2768 2509 eripitur,

616 2535 623 2541 '
656 2524 716 2586 in
749 2522 1001 2587 alterum
1021 2571 1038 2601 ,
1093 2532 1150 2588 et
1178 2547 1357 2612 porro
1388 2528 1444 2591 in
1475 2527 1679 2615 plura,
1732 2551 1803 2593 ex
1831 2551 1894 2594 se
1920 2528 2220 2592 incideret.

812 2628 957 2689 124.
1015 2624 1083 2691 V.
1126 2627 1317 2707 Quor>
1353 2647 1492 2693 trs».
1530 2649 1696 2696 nanc
1736 2630 2115 2695 Rnnmmo
2156 2645 2284 2691 uon
2321 2644 2490 2690 rtem
2534 2643 2763 2688 Porus-

655 2746 787 2802 κη’,
843 2746 1029 2804 QUAM
1068 2747 1186 2791 pm
1212 2728 1410 2794 Deum
1437 2748 1874 2795 chRNAwM.
1957 2728 2024 2792 In
2069 2726 2461 2815 praecedente
2496 2724 2762 2788 Articulo

654 2835 953 2892 ostensum
998 2835 1114 2902 est,
1180 2826 1337 2915 quod
1393 2828 1750 2918 Redemptio
1805 2830 1983 2895 fuerit
2036 2830 2207 2915 Opus
2261 2847 2407 2913 pure
2458 2824 2764 2900 Divinum,

656 2936 1089 3014 consequenter
1127 2928 1286 3016 quod
1329 2952 1448 2993 non
1492 2928 1618 2995 fieri
1659 2932 1916 3021 potuerit
1951 2931 2057 2995 nisi
2086 2951 2121 2995 a
2149 2929 2279 2993 Deo
2308 2927 2764 3013 omnipotente:

656 3026 815 3111 quod
845 3046 964 3092 non
1006 3028 1117 3093 nisi
1147 3049 1324 3118 quam
1355 3051 1459 3118 per
1486 3030 1565 3095 Se
1591 3031 2003 3107 incarnatum,
2054 3030 2170 3094 hoc
2212 3040 2332 3103 est,
2384 3025 2608 3089 factum
2640 3025 2768 3087 Ho—

653 3126 892 3202 minem,
923 3149 1096 3192 causa
1127 3139 1233 3205 est,
1275 3131 1414 3217 quia
1443 3129 1724 3197 Jehovah
1751 3132 1934 3209 Deus,
1976 3131 2168 3219 qualis
2195 3128 2375 3193 est-in
2405 3124 2630 3191 infinita
2658 3146 2766 3190 sua

655 3226 925 3302 essentia,
969 3249 1089 3290 non
1119 3239 1309 3313 potest
1338 3231 1815 3320 appropinquare
1845 3231 1920 3297 ad
1950 3232 2275 3305 Internum,
2319 3228 2512 3292 minus
2544 3228 2766 3290 intrare

653 3325 714 3385 in
746 3324 888 3389 illud
907 3377 922 3401 ‚
971 3336 1056 3392 est
1083 3330 1236 3393 enim
1265 3332 1324 3394 in
1353 3332 1673 3420 purissimis
1699 3342 1760 3398 et
1786 3333 2019 3420 primis3
2063 3351 2248 3419 quare
2274 3327 2554 3394 Jehovah
2581 3329 2764 3403 Deus,

650 3425 714 3487 in
737 3445 800 3489 se
830 3426 991 3504 talis,
1041 3429 1091 3494 si
1120 3429 1295 3495 modo
1324 3434 1550 3498 afflaret
1576 3434 1710 3499 illos
1738 3435 1838 3522 qui
1867 3435 1924 3497 in
1954 3432 2201 3497 Inferno
2239 3439 2409 3505 sunt,
2463 3437 2765 3493 momento

650 3537 925 3592 enecaret
971 3528 1133 3606 illos,
1199 3552 1338 3597 nam
1386 3533 1531 3597 dixit
1573 3534 1646 3599 ad
1691 3536 1902 3601 Mosen
1949 3534 2250 3602 volentem
2297 3531 2500 3595 videre
2546 3527 2766 3617 Ipsum,

648 3626 802 3693 Non
824 3634 1056 3720 poteris
1093 3630 1303 3698 videre
1339 3628 1534 3705 facies
1574 3658 1769 3712 meas,
1822 3638 1969 3728 quia
2011 3659 2133 3699 non
2172 3631 2406 3698 videbit
2436 3629 2548 3695 Me
2586 3628 2765 3695 homo

647 3741 705 3792 et
743 3730 934 3806 vivet,
986 3730 1176 3796 Exod.
1206 3716 1501 3798 xxxln':
1550 3739 1670 3810 20,
1724 3758 1856 3800 cum
1896 3737 2098 3822 itaque
2144 3733 2342 3797 Moses
2390 3752 2511 3794 non
2551 3730 2762 3820 potuit,

647 3828 842 3896 minus
869 3829 1064 3896 adhuc
1091 3831 1173 3896 illi
1199 3835 1298 3920 qui
1327 3836 1387 3898 in
1417 3833 1662 3899 Inferno
1692 3845 1855 3914 sunt,
1913 3835 2013 3902 ubi
2041 3855 2248 3900 omnes
2272 3832 2499 3898 suntin
2525 3831 2765 3907 ultimis,

622 3938 703 4023 ‚et
732 3930 1132 4008 crassissimis,
1185 3943 1244 3998 et
1270 3935 1353 3998 sic
1379 3934 1438 3997 in
1470 3936 1905 4013 remotissimis,
1956 3945 2092 4001 sunt
2118 3935 2275 4000 enim
2306 3932 2608 3997 naturales
2630 3929 2767 3994 infi-

643 4029 753 4100 mi;
811 4031 1195 4117 quamohrem
1233 4017 1340 4097 nisi
1371 4033 1650 4100 Jehovah
1695 4038 1857 4101 Deus
1900 4036 2239 4101 assumserit
2270 4034 2647 4107 Humanum,
2701 4041 2764 4094 et

644 4127 727 4191 sic
765 4150 826 4192 se
871 4130 1126 4194 induerit
1155 4153 1441 4217 corpore,
1497 4136 1654 4220 quod
1698 4137 1758 4199 in
1804 4136 2023 4202 ultimis
2064 4147 2185 4211 est,
2244 4136 2462 4200 frustra
2504 4133 2765 4221 aliquam

649 4226 1143 4318 Redemptionem
1175 4230 1397 4316 ingredi
1428 4233 1643 4318 potuit3
1678 4236 1805 4322 quis
1834 4237 1988 4300 enim
2019 4246 2214 4324 potest
2245 4236 2501 4322 aliquem
2529 4233 2766 4299 hostem
