3309 4775
696 415 728 464 ε
915 403 1376 459 UmvERSA
1431 357 1961 456 'rimonocul
2015 402 2335 455 n.c.1÷:·r
2376 402 2445 460 N.
2485 402 2553 458 E.

694 580 913 635 unum,
957 579 1075 622 non
1120 567 1312 644 potest
1351 579 1468 621 non
1508 556 1797 643 inspirare
1835 556 2056 621 homini
2095 556 2284 621 ideam
2313 555 2503 622 Unius
2530 555 2672 630 Dei,
2727 565 2790 620 et

693 659 847 725 haec
873 659 1002 723 idea
1038 658 1464 723 corroboratur
1505 658 1725 731 indies,
1769 659 1918 723 sicut
1953 657 2203 750 bomo-a
2242 658 2372 723 Deo
2417 656 2684 722 elevatur
2720 657 2782 720 in

692 763 884 826 lucem
912 760 1103 833 Caeli;
1142 758 1352 845 Angeli
1378 760 1533 822 enim
1560 762 1617 822 in
1645 781 1751 824 sua
1785 760 1914 823 luce
1953 780 2071 824 non
2102 768 2339 846 possunt
2376 778 2587 844 cogere
2611 780 2675 824 se
2704 759 2782 822 ad

696 861 1118 926 enuntiandum
1146 861 1335 935 Deos,
1375 882 1558 946 quare
1585 859 1760 924 etiam
1790 859 2022 947 loquela
2064 860 2295 925 illorum
2334 860 2393 922 in
2435 858 2549 922 line
2589 860 2783 946 cujus-

698 963 789 1029 vis
832 983 1034 1027 sensus
1074 961 1425 1026 terminatur
1469 960 1663 1048 quoad
1709 970 2014 1025 accentum
2071 961 2129 1024 in
2179 982 2399 1034 anunm
2457 961 2616 1046 quod
2662 983 2782 1023 non

698 1063 933 1130 aliunde
972 1072 1090 1140 est,
1145 1082 1321 1150 quam
1361 1082 1429 1125 ex
1467 1059 1694 1125 influxu
1734 1063 1792 1125 in
1832 1063 2057 1127 animas
2100 1062 2367 1139 illorum,
2422 1062 2577 1147 quod
2619 1062 2784 1126 Deus

697 1186 849 1230 unus
883 1164 981 1228 sit.
1072 1162 1247 1246 Quod
1288 1163 1519 1228 tametsi
1562 1163 1622 1227 in
1663 1164 1922 1227 omnium
1977 1162 2280 1227 hominum
2319 1163 2545 1226 animas
2592 1160 2782 1225 influit

695 1264 853 1354 quod
885 1265 1046 1330 Deus
1075 1285 1225 1336 unus
1249 1265 1354 1339 sit,
1398 1285 1582 1350 usque
1610 1262 1775 1328 multi
1804 1265 2091 1349 cogitent,
2136 1264 2293 1352 quod
2322 1262 2616 1329 Divinitas
2642 1263 2785 1348 Ejus

697 1366 884 1431 divisa
924 1365 1085 1430 sitin
1113 1365 1323 1431 Plures
1361 1364 1616 1450 ejusdem
1651 1365 1982 1440 Essentiae,
2035 1375 2121 1430 est
2160 1386 2367 1441 causa,
2413 1365 2602 1452 quod,
2645 1385 2777 1427 cum

695 1466 961 1532 Influxus
987 1465 1082 1530 ille
1112 1464 1439 1541 descendit,
1486 1464 1761 1529 illabatur
1800 1466 1856 1529 iu
1899 1466 2120 1531 formas
2159 1488 2277 1530 non
2320 1467 2785 1553 corresponden-

696 1577 819 1642 tes,
860 1576 919 1631 et
945 1567 1068 1655 ipsa
1096 1554 1287 1630 for⁴ma
1320 1567 1510 1631 variat
1538 1565 1732 1642 illum,
1778 1567 2267 1653 quemadmodum
2312 1566 2376 1632 fit
2417 1569 2473 1628 in
2515 1566 2788 1630 omnibus

697 1667 975 1755 subjectis
1002 1667 1177 1732 trium
1204 1687 1523 1755 regnorum
1553 1676 1834 1740 naturae;
1874 1677 1962 1733 est
2001 1668 2153 1732 idem
2185 1667 2344 1733 Deus
2383 1668 2481 1753 qui
2524 1666 2781 1733 vivificat

697 1791 932 1835 omnem
964 1768 1229 1844 bestiam,
1271 1769 1369 1856 qui
1396 1768 1715 1844 hominem,
1758 1769 1858 1833 sed
1886 1769 2072 1833 forma
2107 1769 2392 1856 recipiens
2418 1767 2577 1842 facit,
2623 1768 2779 1856 quod

695 1871 884 1936 bestia
908 1870 983 1934 sit
1008 1870 1194 1935 bestia
1233 1879 1292 1934 et
1321 1870 1478 1956 quod
1517 1870 1697 1934 bomo
1735 1870 1810 1934 sit
1852 1870 2059 1943 bomo;
2102 1870 2368 1935 similiter
2404 1868 2468 1934 fit
2506 1891 2637 1933 cum
2676 1869 2784 1933 bo-

698 1973 885 2049 mine,
931 1972 1068 2034 dum
1108 1971 1206 2035 ille
1233 1971 1415 2034 menti
1441 1992 1582 2035 suae
1620 1969 1840 2035 inducit
1880 1969 2130 2035 formam
2160 1971 2413 2036 bestiae:
2460 1970 2658 2036 similis
2696 1972 2785 2033 in-

700 2071 891 2137 fluxus
918 2093 955 2136 a
981 2064 1117 2136 Sole
1145 2081 1232 2137 est
1268 2073 1328 2135 in
1369 2093 1599 2136 omnem
1641 2073 1946 2146 arborem,
1992 2071 2095 2136 sed
2138 2073 2407 2139 variatur
2443 2069 2539 2135 ille
2576 2093 2784 2136 secun-

700 2173 840 2238 dum
866 2172 1124 2257 cujusvis
1156 2172 1436 2248 formam,
1480 2173 1681 2236 similis
1718 2183 1805 2238 est
1846 2174 1906 2236 in
1951 2173 2162 2248 vitem,
2210 2173 2398 2261 qualis
2439 2172 2497 2236 in
2532 2172 2783 2259 spinam,

700 2273 804 2339 sed
831 2273 877 2339 si
915 2274 1080 2360 spina
1108 2273 1439 2338 inoculatur
1471 2274 1604 2348 viti,
1647 2272 1902 2338 influxus
1939 2272 2036 2338 ille
2076 2273 2390 2338 invertitur
2426 2281 2485 2337 et
2526 2273 2787 2358 procedit

704 2374 1024 2441 secundum
1052 2374 1253 2461 spinae
1280 2374 1546 2440 formam.
1612 2375 1813 2441 Simile
1839 2374 1902 2438 lit
1928 2377 1985 2440 in
2012 2374 2287 2460 subjectis
2315 2374 2506 2463 Regni
2536 2373 2788 2439 minera-

703 2478 805 2554 lis,
845 2477 945 2542 lux
983 2475 1234 2542 influens
1272 2479 1330 2540 in
1370 2477 2009 2563 lapidem'calcarium‚
2056 2485 2115 2539 et
2155 2476 2213 2539 in
2255 2477 2659 2551 adamantem,
2699 2485 2787 2541 est

705 2579 946 2653 eadem,
990 2577 1093 2644 sed
1122 2577 1370 2667 pellucet
1402 2579 1458 2640 in
1486 2577 1630 2654 boc,
1673 2586 1729 2640 et
1756 2586 2039 2664 opacatur
2066 2577 2124 2640 in
2158 2577 2271 2640 illo.
2354 2578 2528 2658 Quod
2560 2577 2791 2640 Huma-

700 2701 806 2743 nas
836 2688 1061 2744 mentes
1089 2681 1328 2756 attinet,
1368 2678 1502 2742 illae
1530 2678 1839 2742 variantur
1866 2679 2181 2743 secundum
2212 2677 2432 2743 formas
2458 2700 2608 2754 suas,
2638 2698 2791 2763 quac

700 2779 856 2845 intus
883 2779 1213 2866 spirituales
1249 2789 1381 2846 sunt
1410 2778 1731 2843 secundum
1762 2776 1933 2841 fidem
1962 2779 2021 2842 in
2049 2779 2235 2843 Deum
2263 2788 2321 2842 et
2347 2781 2516 2844 simul
2547 2780 2723 2842 vitam
2755 2799 2791 2841 a

700 2881 863 2958 Deo,
901 2891 959 2944 et
987 2881 1214 2946 formae
1243 2881 1376 2946 illae
1402 2879 1547 2944 fiunt
1578 2879 1901 2966 pellucidae
1930 2891 1987 2944 et
2015 2879 2331 2965 Angelicae
2374 2904 2475 2967 per
2516 2879 2685 2944 iidem
2727 2882 2789 2944 in

702 3001 885 3044 unum
917 2982 1139 3059 Deum,
1181 2992 1238 3045 at
1283 2981 1527 3047 vicissim
1557 2979 1705 3045 fiunt
1738 3003 1958 3069 opacae
2004 2990 2061 3045 et
2105 2980 2325 3045 ferinae
2369 3003 2472 3067 per
2512 2981 2683 3046 fidem
2725 2983 2786 3045 in

702 3080 898 3167 plures
924 3082 1111 3160 Deos,
1156 3105 1308 3169 quae
1339 3104 1544 3168 parum
1573 3082 2009 3147 discriminatur
2037 3103 2069 3145 a
2098 3080 2210 3144 fide
2237 3083 2294 3144 in
2324 3082 2543 3146 nullum
2576 3082 2786 3146 Deum.

863 3187 916 3245 9.
972 3181 1078 3247 111.
1136 3182 1289 3247 lum:
1325 3203 1462 3259 Esr,
1508 3203 1682 3260 Quon
1712 3203 1775 3246 m
1807 3203 2117 3247 unrvssnso
2144 3185 2385 3248 Munno
2426 3204 2552 3249 Nox
2578 3203 2789 3248 nss'run

705 3280 900 3357 Gens,
947 3302 1051 3347 cm
1080 3283 1358 3348 Rnumo
1396 3303 1472 3346 ΕΤ
1510 3303 1669 3347 sana
1713 3303 1900 3347 narro
1929 3302 2069 3359 Esr,
2111 3304 2281 3362 quar-2
2319 3304 2443 3348 Non
2483 3304 2791 3350 Aonoscu·

705 3382 932 3458 Duum,
972 3403 1049 3447 ΕΤ
1074 3384 1267 3449 Deum
1296 3403 1483 3448 Unum
1507 3404 1660 3447 Essr..
1730 3383 1817 3446 Ex
1845 3382 2073 3447 lnfluxu
2100 3385 2315 3449 Divino
2342 3385 2399 3447 in
2428 3386 2652 3449 animas
2680 3384 2789 3449 ho-

702 3485 924 3547 minnm
943 3532 959 3561 ,
1002 3484 1074 3548 de
1103 3506 1221 3572 quo
1250 3506 1386 3548 mox
1411 3505 1612 3571 supra.
1661 3484 1953 3569 sequitur,
1999 3486 2155 3571 quod
2182 3487 2253 3549 sit
2283 3486 2574 3550 internum
2605 3487 2792 3550 dicta-

704 3603 839 3647 men
886 3584 1037 3671 apud
1086 3584 1534 3670 unumquemvis
1577 3583 1909 3660 hominem,
1960 3585 2116 3672 quod
2166 3585 2327 3649 Deus
2363 3587 2467 3663 sit,
2529 3597 2586 3650 et
2627 3587 2790 3673 quod

705 3705 857 3750 unus
881 3686 988 3750 sit:
1034 3685 1193 3773 quod
1224 3708 1406 3771 usque
1437 3685 1677 3760 dentur,
1726 3686 1822 3771 qui
1859 3685 2052 3751 Deum
2092 3697 2340 3772 negant,
2380 3690 2564 3775 etqui
2597 3689 2790 3753 Natu-

702 3806 832 3850 ram
877 3807 985 3876 pro
1023 3787 1149 3851 Deo
1192 3796 1545 3872 agnoscunt,
1591 3787 1807 3874 quique
1850 3788 2044 3874 plures
2083 3788 2273 3861 Deos,
2325 3796 2382 3851 et
2422 3810 2658 3876 quoque
2698 3788 2791 3851 Si·

703 3887 965 3952 mulacra
1018 3908 1124 3976 pro
1179 3887 1286 3951 diis
1339 3887 1571 3963 colunt,
1637 3896 1725 3952 est
1770 3908 1973 3964 causa,
2030 3889 2167 3974 quia
2212 3889 2491 3954 interiora
2542 3889 2790 3954 rationis

702 4008 845 4051 suae
881 4010 984 4053 seu
1010 3985 1338 4053 intellectus
1363 3989 1453 4054 sui
1482 3987 1927 4076 obstipaverunt
1955 3988 2263 4054 mundanis
2290 3998 2348 4053 et
2384 3990 2701 4077 corporeis,
2728 3998 2793 4053 et

703 4109 809 4174 per
832 4087 982 4153 baec
1008 4089 1360 4178 primitivam
1387 4110 1491 4154 seu
1519 4088 1802 4154 infantiae
1829 4089 2020 4153 ideam
2051 4089 2122 4153 de
2144 4091 2275 4156 Deo
2300 4092 2791 4168 obliteraverunt,

707 4186 779 4253 et'
790 4188 963 4254 simul
986 4198 1126 4254 tunc
1143 4189 1514 4278 Religionem
1543 4211 1577 4254 a
1603 4199 1838 4279 pectore
1865 4190 1924 4255 in
1953 4200 2182 4279 tergum
2211 4192 2554 4278 rejecerunt.
2610 4191 2793 4272 Quod

708 4289 1021 4357 Christiani
1065 4302 1382 4381 agnoscant
1426 4313 1608 4358 unum
1647 4292 1873 4371 Deum,
1914 4291 2013 4358 sed
2055 4291 2383 4381 quomodo,
2428 4313 2498 4357 ex
2536 4292 2792 4387 Symbo-
