3309 4775
623 372 727 422 182
850 360 1314 415 UNIVERSA
1369 361 1902 415 THEOLOGIA
1953 362 2019 416 N.
2064 361 2126 412 C.
2169 362 2275 413 ΕΤ
2318 361 2382 414 Ν.
2427 361 2491 415 Ε.

616 514 873 592 „sinistri
902 513 1133 595 lateris,
1188 514 1291 600 qui
1320 522 1517 576 mento
1544 513 1754 588 calvo,
1808 514 1866 575 in
1906 512 2613 598 capillitiis'cincinnatis,
2662 526 2714 578 et

619 614 720 691 „in
785 614 1048 678 cinctura
1118 613 1382 677 coronali
1445 614 1666 677 circum
1720 612 1939 677 collum
2002 623 2207 688 erant,
2286 615 2718 727 comploserunt

618 714 919 801 „palmas,
990 723 1048 777 et
1100 712 1439 789 vociferati,
1506 713 1934 800 sapientissime
1988 714 2143 778 satus
2197 734 2290 787 es,
2355 735 2463 778 nos
2508 713 2719 779 scimus

617 813 818 900 „quod
846 835 966 877 non
992 813 1278 902 possimus
1307 813 1619 898 quicquam
1648 835 1915 890 sumere,
1967 813 2129 901 quod
2161 834 2279 876 non
2310 815 2484 877 datur
2511 835 2544 876 e
2572 813 2719 877 Cae·

617 915 746 992 ‚,lo;
801 914 956 978 dicat
993 912 1165 980 nobis
1205 911 1301 975 ille
1341 912 1663 1000 propheta,
1716 914 1871 977 unde
1913 912 2086 992 fides,
2142 923 2203 976 et
2245 913 2381 998 quid
2423 913 2602 979 fides
2595 913 2719 978 nisi

615 1062 653 1092 „
656 1014 786 1087 ἱΙΙ3;
839 1012 1194 1102 impossibile
1221 1021 1342 1089 est,
1381 1022 1445 1078 ut
1474 1014 1587 1078 alia
1616 1023 1675 1077 et
1704 1014 1939 1078 aliunde
1966 1015 2072 1087 sit‚·
2126 1013 2300 1079 aliam
2331 1013 2530 1088 fidem,
2568 1036 2719 1099 quae

614 1113 832 1193 „lides‚
898 1135 1075 1201 quam
1127 1113 1283 1177 hanc
1334 1133 1713 1202 expromere,
1782 1124 1904 1179 tam
1951 1113 2308 1200 impossibile
2354 1123 2470 1190 est,
2528 1124 2589 1177 ut
2640 1123 2721 1178 est

615 1205 1036 1301 „equitare'ad
1078 1213 1372 1299 quendam
1411 1214 1786 1279 asterismum
1827 1216 1887 1277 in
1932 1214 2143 1291 Caelo,
2197 1223 2256 1276 et
2299 1214 2435 1281 inde
2482 1226 2723 1300 captare

618 1315 923 1393 „stellam,
988 1336 1058 1378 ac
1100 1313 1260 1376 illam
1306 1315 1632 1379 recondere
1679 1315 1737 1377 in
1787 1314 1963 1380 bursa
2012 1325 2220 1399 togae,
2284 1323 2343 1377 et
2383 1315 2726 1400 deportare,

617 1412 775 1491 „hoc
798 1414 974 1490 dixit,
1025 1423 1088 1477 ut
1117 1415 1377 1478 consocii
1403 1413 1478 1477 ad
1505 1436 1741 1478 omnem
1784 1437 1998 1480 novam
2041 1415 2216 1479 fidem
2247 1415 2526 1479 riderent.
2611 1416 2724 1478 His

618 1513 903 1592 „auditis,
956 1513 1239 1599 indignati
1270 1523 1406 1578 sunt
1433 1513 1560 1577 Viri
1589 1502 1791 1579 lateris
1820 1506 2036 1589 dextri,
2091 1514 2192 1601 qui
2226 1524 2426 1579 mento
2468 1515 2726 1578 barbato

618 1626 714 1692 „et
760 1615 818 1678 in
849 1615 1067 1701 capillis
1106 1615 1319 1678 nativis
1358 1625 1556 1686 erant;
1612 1625 1670 1677 et
1716 1616 1968 1680 surrexit
2016 1636 2166 1679 unus
2206 1636 2276 1678 ex
2312 1614 2456 1690 illis,
2510 1615 2725 1689 Senex,

614 1716 754 1793 „sed
787 1736 967 1802 usque
998 1716 1152 1781 visus
1180 1723 1243 1778 ut
1270 1715 1502 1800 juvenis
1529 1725 1766 1802 postea,
1816 1727 1946 1780 erat
1986 1715 2140 1778 enim
2170 1713 2430 1801 Angelus
2457 1736 2487 1776 e
2517 1715 2726 1791 Caelo,

618 1816 758 1894 „ubi
788 1816 979 1881 omnis
1008 1825 1171 1880 aetas
1215 1815 1578 1900 juvenescit,
1625 1815 1723 1878 ille
1766 1816 2013 1902 loquens
2060 1815 2233 1890 dixit,
2288 1814 2490 1878 audivi
2534 1816 2729 1900 qualis

617 1925 744 1993 „est
783 1925 977 1980 vestra
1018 1914 1188 1992 fides,
1243 1936 1420 2001 quam
1462 1915 1570 1979 Vir
1611 1914 1962 1980 cathedralis
2007 1917 2086 1978 ita
2131 1913 2568 2000 magnificavit;
2619 1915 2726 1979 sed

617 2015 796 2102 „quid
826 2016 925 2080 illa
958 2014 1120 2091 fides,
1160 2016 1267 2080 nisi
1295 2013 1667 2104 sepulchrum
1697 2017 1936 2080 Domini
1967 2016 2151 2081 nostri
2182 2025 2308 2102 post
2338 2016 2730 2080 resurrectio-

615 2137 821 2192 ‚,nem,
874 2117 1089 2179 iterum
1132 2116 1392 2181 clausum
1442 2137 1476 2179 3
1525 2114 1807 2181 militibus
1852 2115 2055 2190 Pilati;
2111 2117 2311 2204 aperui
2357 2116 2554 2191 illam,
2610 2136 2727 2176 nec

615 2215 777 2294 „vidi
804 2212 1120 2302 quicquam
1150 2237 1326 2302 quam
1357 2214 1599 2281 baculos
1626 2215 2177 2304 praestigiatorum,
2230 2238 2336 2302 per
2376 2238 2527 2302 quos
2564 2216 2731 2301 magi

616 2316 714 2394 „in
743 2312 1018 2406 Aegypto
1046 2313 1313 2380 fecerunt
1354 2316 1673 2393 miracula;
1730 2317 1848 2382 imo
1886 2326 1975 2381 est
2016 2315 2158 2382 fides
2198 2326 2392 2383 vestra
2435 2316 2727 2380 extrinse-

613 2438 757 2495 „cus
785 2416 845 2480 in
871 2416 1054 2482 oculis
1083 2418 1290 2483 vestris
1316 2419 1466 2482 sicut
1494 2418 1774 2483 scrinium
1804 2416 2126 2486 conflatum
2166 2440 2237 2482 ex
2279 2439 2461 2493 auro,
2514 2428 2572 2481 et
2610 2417 2726 2479 ob-

618 2517 830 2594 „situm
872 2517 1163 2603 lapidibus
1208 2518 1508 2607 pretiosis,
1564 2517 1726 2606 quod
1776 2518 1913 2582 dum
1960 2520 2259 2606 aperitur,
2314 2527 2400 2582 est
2444 2538 2726 2592 vacuum,

615 2616 765 2696 „nisi
796 2617 948 2681 sorte
987 2619 1046 2681 in
1084 2617 1313 2704 angulis
1349 2619 1474 2704 ejus
1512 2619 1585 2683 sit
1625 2619 1816 2706 pulvis
1855 2640 1924 2682 ex
1968 2620 2227 2705 reliquiis
2253 2617 2721 2691 pontificiorum,

615 2740 790 2795 „nam
827 2717 918 2784 his
956 2719 1054 2783 illa
1083 2719 1286 2783 eadem
1317 2729 1435 2794 est,
1486 2717 1666 2785 m'odo
1707 2719 1867 2805 quod
1906 2718 2081 2782 hodie
2123 2719 2199 2782 ab
2239 2716 2330 2782 his
2366 2717 2604 2781 obtecta
2645 2717 2720 2781 sit

612 2816 1059 2895 „sanctitatibus
1111 2821 1394 2892 externis;
1467 2828 1556 2884 est
1607 2840 1877 2906 quoque,
1945 2828 2011 2881 ut
2047 2817 2525 2883 similitudinibus
2567 2826 2719 2892 utar,

613 2920 800 2995 „sicut
827 2921 1006 2986 Vesta
1036 2921 1441 3006 antiquorum,
1479 2941 1631 3006 quae
1662 2919 1935 2984 exstinxit
1962 2919 2159 3004 ignem
2186 2938 2420 2983 sacrum
2439 2966 2457 2995 ,
2502 2917 2718 2982 infossa

614 3027 881 3095 „terrae;
935 3034 992 3084 et
1020 3042 1358 3086 asseverare
1389 3041 1659 3107 possum,
1712 3021 1871 3106 quod
1908 3020 2005 3085 illa
2034 3040 2235 3083 coram
2267 3019 2410 3083 meis
2437 3017 2619 3082 oculis
2642 3017 2722 3080 sit

616 3117 807 3192 „sicut
852 3117 1072 3184 vitulus
1115 3141 1356 3196 aureus,
1432 3121 1649 3185 circum
1696 3141 1869 3206 quem
1919 3118 2021 3183 filii
2068 3119 2335 3194 Israelis,
2408 3128 2718 3204 postquam

614 3217 852 3292 „Moses
879 3217 1066 3281 abivit
1107 3228 1165 3281 et
1204 3221 1464 3285 ascendit
1491 3222 1551 3283 in
1582 3229 1843 3284 montem
1870 3219 2034 3284 Sinai
2062 3220 2134 3281 ad
2162 3218 2458 3284 Jehovam
2478 3266 2495 3294 ,
2542 3219 2722 3281 salta-

614 3324 901 3392 „verunt:
956 3338 1030 3379 ne
1075 3317 1366 3383 miremini
1413 3321 1574 3408 quod
1614 3321 1893 3406 loquutus
1929 3320 2038 3385 sim
2077 3321 2149 3383 de
2191 3320 2336 3384 Fide
2377 3327 2574 3383 vestra
2616 3337 2724 3403 per

614 3417 807 3493 „tales
835 3418 1336 3503 comparationes,
1388 3422 1525 3505 quia
1569 3423 1648 3484 ita
1694 3420 1992 3506 loquimur
2031 3421 2103 3485 de
2144 3420 2243 3483 illa
2285 3440 2393 3483 nos
2431 3419 2491 3481 in
2519 3416 2720 3482 Caelo.

610 3515 874 3595 „Nostra
904 3526 1101 3582 autem
1131 3518 1306 3585 Fides
1335 3530 1439 3595 est,
1480 3520 1589 3584 fuit
1616 3530 1677 3583 et
1705 3521 1815 3584 erit
1843 3521 1901 3583 in
1929 3529 2235 3585 aeternnm
2255 3567 2272 3595 ,
2308 3519 2367 3581 in
2397 3519 2723 3582 Dominum

613 3617 845 3693 „Deum
873 3618 1277 3709 Salvatorem,
1333 3622 1499 3705 cujus
1526 3621 1872 3684 Humanum
1914 3630 2001 3684 est
2030 3621 2308 3686 Divinum
2350 3630 2409 3683 et
2437 3618 2724 3682 Divinum

613 3724 744 3793 „est
769 3717 1149 3795 Humanum,
1201 3720 1281 3785 ita
1316 3721 1764 3785 accommodata
1806 3720 2161 3809 receptioni,
2215 3728 2274 3783 et
2306 3740 2374 3783 ex
2406 3740 2518 3805 qua
2559 3717 2727 3781 Divi-

609 3837 790 3892 „num
828 3818 1131 3905 spirituale
1173 3822 1374 3883 unitur
1401 3819 1658 3885 hominis
1690 3822 1981 3895 naturali,
2037 3831 2094 3885 et
2141 3820 2206 3884 fit
2234 3818 2376 3884 fides
2403 3817 2725 3906 spiritualis

609 3916 708 3992 „in
741 3919 1027 3993 naturali,
1082 3920 1236 3983 unde
1265 3920 1537 3984 naturale
1580 3919 1644 3984 fit
1686 3922 1836 3985 sicut
1870 3921 2228 4009 diaphanum
2272 3941 2343 3983 ex
2385 3920 2514 3983 luce
2555 3916 2725 4005 spiri-

610 4017 795 4091 „tuali
838 4018 896 4082 in
941 4041 1058 4106 qua
1109 4029 1310 4086 nostra
1359 4020 1503 4085 fides
1552 4030 1671 4092 est;
1743 4020 2021 4085 veritates
2066 4043 2139 4085 ex
2185 4020 2399 4107 quihus
2441 4016 2725 4091 consistit,

609 4128 785 4192 „sunt
829 4118 1075 4183 totidem
1123 4129 1269 4206 quot
1316 4119 1587 4185 versiculi
1632 4123 1693 4183 in
1738 4142 1909 4184 sacro
1957 4119 2205 4195 Codice,
2263 4120 2546 4183 veritates
2588 4117 2722 4180 illae

590 4227 787 4293 ⁴„sunt
815 4238 1021 4283 omnes
1049 4218 1197 4282 sicut
1221 4217 1457 4293 stellae,
1509 4239 1661 4303 quae
1689 4217 1917 4282 lucibus
1948 4220 2066 4283 suis
2091 4219 2472 4294 manifestant
2498 4226 2556 4279 et
2585 4237 2724 4279 con·
