3309 4775
1032 413 1106 469 ιι.
1191 413 1604 467 nolumus
1647 376 2240 469 nE-nEMPToRss
2401 468 2406 475 ,
2599 426 2705 476 157

566 554 857 632 'diluculo
904 567 1248 631 suboriente
1287 565 1428 630 Sole
1475 567 1838 652 disparatum
1886 576 2005 642 est,
2068 567 2217 631 sicut
2259 566 2322 629 fit
2367 588 2498 630 cum
2544 569 2705 631 omni

593 667 763 732 fatuo
808 667 968 754 Igne.
1050 668 1212 732 ‘Post
1255 675 1544 731 matutam
1596 668 1816 731 accessi
1861 669 1934 730 ad
1980 668 2208 741 locum,
2259 666 2360 730 ubi
2402 668 2703 753 delapsum

594 769 722 856 ejus
751 769 810 831 in
840 779 1013 832 nocte
1034 768 1194 853 ,Viffl’
1248 776 1308 830 et
1335 789 1472 830 ecce
1501 768 1582 858 ibi
1612 768 1828 832 humus
1854 759 2187 832 ex‘miscela
2228 765 2555 854 sulphuris,
2608 785 2705 832 ra-

592 878 932 933 mentorum
976 867 1152 943 ferri,
1202 877 1259 931 et
1290 869 1534 953 argillae
1568 867 1709 932 luti:
1764 877 1826 933 et
1860 867 2056 933 subito
2088 869 2393 942 tuncyisa
2419 876 2556 932 sunt
2584 869 2702 932 duo

593 970 915 1045 Tentoria,
971 991 1152 1032 unum
1184 968 1408 1032 directe
1435 990 1610 1056 supra
1636 958 1868 1044 locum,
1923 977 1982 1031 et
2017 968 2326 1045 alterum-a
2356 968 2540 1032 latere
2568 991 2702 1031 ver-

593 1091 692 1134 sus
733 1069 1072 1144 meridiem,
1125 1080 1184 1133 et
1227 1070 1492 1156 suspexi,
1543 1079 1601 1132 et
1647 1068 1766 1135 vidi
1805 1069 2098 1155 quendam
2139 1068 2418 1156 Spiritum
2462 1090 2494 1132 e
2537 1069 2702 1134 caelo

593 1170 747 1234 sicut
777 1171 1000 1235 fulmen
1030 1170 1433 1244 decidentem,
1488 1179 1544 1232 et
1574 1169 1851 1255 injectum
1884 1170 1943 1232 in
1972 1170 2355 1245 Tentorium,
2410 1169 2568 1255 q‘uod
2616 1169 2706 1232 di·-

590 1282 757 1336 recte
788 1273 966 1356 supra
998 1270 1193 1341 locum
1222 1271 1497 1358 delapsus
1523 1271 1771 1335 meteori
1797 1271 1975 1345 stetit,
2009 1280 2069 1333 et
2095 1290 2207 1355 ego
2237 1270 2293 1331 in
2324 1269 2511 1333 altero
2539 1270 2700 1356 quod

593 1372 759 1457 juxta
789 1379 920 1434 erat
947 1393 1152 1437 versus
1178 1370 1480 1443 meridiem
1501 1417 1517 1446 ,
1571 1370 1629 1432 in
1659 1372 1809 1435 ostio
1838 1370 2009 1454 hujus
2050 1372 2215 1447 steti,
2271 1379 2330 1432 et
2370 1370 2487 1434 vidi
2519 1371 2701 1457 Spiri-

596 1479 719 1536 tum
748 1471 1035 1547 inaltero.
1059 1473 1235 1536 etiam
1265 1472 1322 1533 in
1353 1471 1507 1534 ostio
1533 1472 1620 1534 sui
1651 1472 1889 1536 tentorii
1918 1480 2204 1544 stantem3
2258 1478 2320 1533 et
2347 1479 2490 1533 tunc
2523 1491 2704 1557 quae-

592 1572 703 1635 sivi
734 1572 918 1647 illum,
960 1594 1067 1636 cur
1092 1573 1172 1634 ita
1203 1572 1419 1636 decidit
1448 1593 1480 1634 e
1501 1571 1716 1646 Caelo;
1756 1570 1829 1635 ad
1861 1571 2017 1659 quod
2046 1570 2141 1633 itte
2171 1571 2500 1656 respondit,
2540 1572 2700 1656 quod

594 1672 859 1757 dejectus
876 1673 950 1736 sit
986 1683 1049 1736 ut
1078 1674 1322 1758 angelus
1341 1672 1632 1737 Draconis
1659 1673 1735 1735 ab
1764 1672 1986 1758 angelis
2004 1669 2325 1747 Michaelis,
2345 1671 2481 1757 quia
2505 1671 2702 1758 aliqua

580 1772 667 1836 'de
707 1773 851 1837 Fide
882 1795 1041 1847 mea,
1086 1773 1144 1835 in
1174 1795 1291 1860 qua
1320 1794 1413 1835 me
1444 1772 1793 1837 confirmavi
1822 1775 1881 1835 in
1910 1773 2168 1841 Mundo.
2225 1773 2501 1856 loquutus
2538 1794 2699 1843 sum;

592 1872 749 1943 inter
779 1894 933 1959 qnae
963 1873 1070 1937 fuit
1097 1874 1233 1950 hoc,
1260 1873 1418 1959 quod
1448 1874 1613 1937 Deus
1640 1874 1822 1938 Pater
1848 1883 1907 1937 et
1938 1873 2101 1937 Deus
2128 1872 2310 1936 Filius
2334 1872 2449 1935 sint
2476 1871 2613 1947 duo,
2642 1882 2701 1935 et

592 1994 716 2037 non
744 1995 932 2045 unus;
968 1996 1172 2039 omnes
1198 1976 1350 2037 enim
1381 1974 1441 2037 in
1469 1974 1661 2038 Caelis
1688 1972 1866 2038 hodie
1896 1973 2164 2048 credunt,
2193 1972 2350 2059 quod
2376 1973 2492 2036 sint
2522 1994 2699 2036 unum

590 2074 741 2136 sicut
769 2075 965 2138 anima
994 2084 1053 2138 et
1083 2096 1347 2162 corpus3-
1378 2084 1437 2138 et
1463 2075 1653 2155 omnis
1680 2075 1857 2139 dictio
1888 2083 2095 2138 contra
2135 2072 2227 2149 id,
2279 2083 2365 2136 est
2404 2074 2555 2136 sicut
2594 2074 2699 2138 sti-

593 2174 788 2239 mulus
816 2176 876 2237 in
898 2176 1441 2252 naribusillorum,
1494 2177 1551 2238 et
1579 2177 1727 2241 sicut
1766 2175 1978 2240 subula
2020 2173 2329 2261 perforans
2361 2194 2535 2254 aures
2572 2175 2701 2236 illo·

591 2295 722 2339 rum
740 2323 756 2351 ‚
797 2276 954 2339 unde
981 2275 1093 2340 illis
1118 2274 1181 2339 fit
1209 2276 1427 2340 emotio
1456 2285 1515 2340 et
1543 2275 1744 2352 dolor,
1791 2286 1849 2339 et
1879 2283 2119 2362 propter
2145 2272 2260 2338 hoc
2287 2274 2702 2338 contradicens

596 2375 915 2440 mandatur
941 2376 1133 2454 exire,
1184 2385 1242 2439 et
1271 2377 1320 2441 si
1361 2376 1824 2463 tergiversatur,
1876 2376 2173 2463 dejicitur:
2210 2373 2342 2439 hoc
2378 2375 2580 2440 audito
2622 2375 2695 2440 ad

591 2476 754 2540 illum
793 2476 950 2553 dixi,
1004 2500 1109 2542 cur
1135 2499 1255 2540 non
1285 2478 1577 2542 credidisti
1607 2480 1755 2543 sicut
1784 2478 1897 2553 itti,
1951 2477 2181 2551 retulit,
2227 2479 2395 2563 'quod
2431 2486 2562 2562 post
2598 2497 2698 2539 ex-

545 2597 552 2604 ·
594 2598 818 2642 cessum
865 2599 898 2641 e
937 2578 1166 2643 Mundo
1210 2599 1384 2641 nemo
1429 2579 1605 2665 possit
1651 2578 1891 2642 credere
1933 2577 2123 2652 aliud,
2177 2598 2352 2662 quam
2395 2576 2568 2662 quod·
2593 2577 2699 2663 per

592 2677 1100 2742 confirmationem
1137 2679 1246 2742 sibi
1288 2680 1698 2765 impresserat,
1752 2677 1870 2742 hoc
1910 2686 2107 2741 manet
2151 2676 2425 2751 infixum,
2479 2685 2536 2738 ct
2578 2697 2695 2739 non

594 2787 786 2861 potest
833 2778 1041 2852 avelli,
1092 2778 1379 2863 imprimis
1418 2780 1474 2841 id
1522 2780 1679 2866 quod
1726 2780 1855 2867 quis
1898 2777 2052 2865 apud
2099 2798 2160 2840 se
2206 2777 2577 2842 confirmavit
2624 2775 2697 2839 de

590 2878 752 2950 Deo;
808 2880 1085 2964 quoniam
1114 2879 1175 2941 in
1205 2878 1607 2944 Caelis'cuivis
1645 2889 1733 2944 est
1774 2882 1941 2943 locus
1981 2877 2302 2941 secundum
2334 2877 2523 2939 ideam
2553 2876 2696 2940 Dei:

589 3000 775 3065 porro
802 2979 1200 3067 interrogavi,
1255 2971 1363 3068 per*
1398 3001 1550 3065 quae
1594 2978 2052 3044 confirmaverat
2092 2978 2461 3063 quod-Pater
2503 2986 2559 3039 et
2600 2977 2699 3041 Fi—

585 3079 699 3143 lius
733 3088 925 3143 essent
955 3080 1104 3155 duo,
1157 3080 1330 3155 dixit,
1386 3101 1490 3166 per
1523 3078 1675 3144 haec
1702 3081 1759 3142 in
1789 3079 2022 3153 Verbo,
2077 3078 2235 3165 quod
2267 3078 2449 3142 Filius
2484 3098 2696 3141 orave-

585 3178 666 3241 rit
694 3180 768 3242 ad
798 3178 1073 3255 Patrem,
1129 3201 1244 3245 non
1277 3181 1457 3244 modo
1483 3190 1623 3245 ante
1651 3180 1992 3245 Passionem
2024 3179 2244 3253 crucis,
2297 3178 2398 3241 sed
2427 3180 2601 3240 etiam
2634 3178 2693 3240 in

584 3277 720 3350 itta;
774 3288 840 3342 ut
877 3289 936 3342 et
978 3280 1137 3366 quod
1177 3302 1240 3345 se
1283 3303 1483 3344 coram
1532 3282 1714 3346 Patre
1754 3302 1861 3344 suo
1904 3277 2334 3364 humiliaverit}
2389 3279 2693 3363 quomodo

588 3387 732 3442 tunc
776 3390 1019 3465 possunt
1060 3402 1208 3444 unus
1251 3404 1406 3455 esse,
1460 3383 1609 3445 sicut
1650 3382 1844 3444 anima
1879 3389 1936 3443 et
1978 3401 2191 3465 corpus
2228 3401 2409 3442 unum
2456 3388 2589 3443 sunt
2630 3379 2690 3439 in

584 3477 859 3554 homine,
913 3482 1044 3566 quis
1073 3490 1203 3543 orat
1230 3482 1379 3545 sicut
1408 3482 1483 3545 ad
1524 3482 1737 3556 alium,
1793 3491 1848 3545 et
1889 3479 2159 3544 humiliat
2197 3500 2258 3542 se
2300 3480 2450 3542 sicut
2491 3472 2691 3542 coram

585 3580 740 3656 alio,
793 3580 930 3643 dum
962 3582 1083 3665 ipse
1113 3581 1209 3644 ille
1239 3592 1355 3656 est,
1402 3583 1491 3668 jta
1535 3580 1729 3645 nullus
1756 3582 1930 3655 facit,
1985 3581 2179 3642 minus
2220 3578 2402 3643 Filius
2439 3579 2583 3641 Dei:
2636 3586 2695 3640 et

581 3689 931 3765 praeterea,
989 3681 1282 3745 Universa
1326 3682 1585 3747 Ecclesia
1635 3681 1967 3746 Christiana
2010 3702 2141 3741 meo
2187 3689 2451 3764 tempore
2497 3678 2694 3741 divisit

580 3780 973 3846 Divinitatem
1004 3781 1062 3843 in
1093 3781 1419 3858 PersonaS,
1472 3804 1544 3846 ac
1571 3773 1939 3868 unaquaevis
1966 3781 2229 3845 Persona
2260 3788 2349 3844 est
2377 3801 2555 3843 unum
2590 3801 2695 3864 per

580 3900 676 3955 se,
731 3902 803 3944 ac
831 3879 1124 3972 desinitur
1159 3882 1328 3973 quod
1359 3885 1437 3945 sit
1474 3880 1643 3974 quod
1669 3883 1916 3975 proprie
1942 3881 2234 3947 subsistit.
2319 3879 2429 3943 His
2473 3881 2550 3943 ab
2593 3878 2692 3941 illo

582 3979 830 4056 auditis,
862 3981 1158 4069 respondi,
1191 3983 1424 4069 percepi
1454 4004 1524 4047 ex
1551 4003 1855 4056 sermone,
1896 3981 2055 4066 quod
2085 4001 2325 4067 prorsus
2350 3979 2496 4042 nihil
2524 3979 2693 4053 seiae,

582 4081 885 4165 quomodo
912 4082 1076 4145 Deus
1102 4082 1286 4146 Pater
1312 4092 1371 4146 et
1399 4083 1582 4148 Filius
1607 4104 1788 4145 unum
1817 4090 1973 4158 sunt,
2007 4090 2065 4145 et
2096 4082 2231 4166 quia
2263 4101 2383 4143 non
2410 4079 2522 4143 scis
2551 4100 2697 4165 quo-

580 4180 796 4257 modo,
849 4180 1315 4247 confirmaveras
1341 4192 1402 4247 te
1429 4183 1485 4246 in
1516 4182 1707 4258 falsis,
1760 4182 1822 4244 in
1851 4182 2064 4267 quibus
2094 4180 2356 4245 Ecclesia
2387 4179 2578 4242 adhuc
2610 4187 2695 4241 est

582 4278 653 4343 de
682 4280 845 4357 Deo;
888 4302 1084 4347 nonne
1110 4282 1240 4358 scis,
1283 4278 1442 4369 quod
1472 4282 1764 4357 Domino,
1810 4304 1941 4347 cum
1972 4280 2186 4345 eratin
2216 4278 2467 4352 Mundo,
2514 4276 2692 4340 suerit
