3309 4775
629 445 734 496 166
852 392 1311 488 umvssnsa‘
1356 431 1887 485 'sueonoom
1940 431 2008 486 N.
2054 429 2117 482 c.
2161 430 2270 482 ET
2314 430 2379 482 n.
2421 429 2489 485 E.

1302 522 1319 555 Ι
1438 551 1442 555 ,

624 587 786 675 loqui
817 597 875 650 et
903 606 1081 672 agere
1113 586 1220 649 nisi
1250 606 1356 674 per
1379 607 1550 649 suum
1579 605 1808 671 corpus.
1889 585 2030 650 Non
2077 592 2269 672 potest
2310 583 2414 647 Sol
2461 604 2597 646 cum
2636 606 2738 647 sua

624 691 759 753 luce
790 697 848 752 et
876 710 983 751 suo
1013 687 1210 750 calore
1240 686 1463 749 intrare
1492 686 1550 748 in
1579 684 1837 772 aliquem
1865 684 2166 748 hominem
2186 732 2202 760 ,
2256 683 2505 747 bestiam
2550 695 2607 746 et
2648 706 2741 746 ar·

627 790 870 864 horem,
922 788 1032 852 nisi
1078 787 1237 873 prius
1283 787 1463 850 intret
1512 791 1748 860 aerem,
1799 796 1857 849 et
1899 808 2002 873 per
2049 784 2207 848 hunc
2248 794 2416 869 agan
2471 785 2743 848 similiter

626 911 737 954 nec
765 890 824 953 in
854 889 1039 975 pisces
1066 887 1175 951 nisi
1206 908 1310 972 per
1338 908 1549 974 aquas;
1599 896 1737 972 aget
1763 888 1919 969 enim
1950 907 2056 974 per
2082 872 2472 960 elementum,
2529 886 2589 948 in
2623 906 2742 971 quo

626 990 957 1074 subjectum
990 998 1092 1053 est.
1173 987 1268 1051 Ne
1317 987 1551 1075 quidem
1598 996 1791 1074 potest
1830 986 2041 1073 aliquis
2084 987 2476 1074 desquamare
2524 987 2742 1074 piscem

629 1090 854 1166 cultro,
909 1099 967 1153 et
999 1087 1341 1176 deplumare
1371 1110 1650 1163 corvum,
1705 1087 1928 1175 absque
1960 1087 2183 1173 digitis;
2236 1109 2347 1150 nec
2381 1086 2744 1152 descendere

627 1194 694 1256 in*
720 1189 1075 1280 profundum
1105 1189 1268 1253 lacus
1295 1190 1518 1275 absque
1548 1209 1835 1275 campana
1867 1188 2223 1253 urinatoria:
2280 1187 2487 1263 verbo,
2533 1209 2748 1250 unum-

629 1292 880 1379 quodvis
907 1291 1420 1356 accommodatum
1464 1290 1572 1352 erit
1613 1289 1818 1364 alteri,
1872 1299 2191 1374 antequam
2240 1287 2303 1351 fit
2344 1287 2749 1352 communica-

632 1394 746 1468 tio,
800 1402 858 1455 et
884 1391 1153 1479 operatio
1185 1400 1390 1454 contra
1419 1390 1581 1454 illum
1610 1398 1712 1454 aut
1741 1412 1873 1452 cum
1902 1391 2018 1453 itto.

791 1497 936 1555 126.
1003 1491 1101 1558 vl.
1148 1491 1341 1570 Quor>
1370 1491 1592 1555 passm
1620 1509 1839 1555 cuncis
1863 1508 2095 1555 Fur-:arr
2123 1511 2362 1555 omnm
2391 1491 2746 1563 ΤΕΝΤΑΤΙΟ,

628 1614 818 1672 QUAM
855 1594 1153 1658 Dommus
1194 1612 1274 1654 nr
1315 1591 1632 1655 MAxmus
1664 1584 2000 1655 PnoPuE‘rA
2044 1612 2404 1666 susa-murt,
2459 1611 2537 1652 ET
2562 1609 2748 1666 ouon

626 1715 855 1760 Fuenrr
908 1713 1168 1758 nemum
1208 1710 1758 1755 ememtes-'noum
1802 1691 2076 1757 flumin-u
2133 1693 2362 1766 lpsms,
2440 1711 2569 1754 noc
2612 1711 2749 1764 EST,

627 1814 886 1859 umoms
914 1813 1051 1859 cum
1076 1794 1322 1858 Dlvmo
1348 1792 1579 1856 l’A‘rms
1615 1811 1750 1868 sol,
1815 1814 1891 1856 m·
1927 1813 2056 1857 Non
2104 1794 2495 1857 Remum-10.
2587 1792 2748 1854 Sunt

629 1896 767 1971 duo,
798 1905 1037 1981 propter
1056 1916 1208 1979 quae
1232 1893 1522 1956 Dominus
1541 1891 1599 1954 in
1621 1893 1906 1956 Mundum
1939 1895 2122 1969 venit,
2152 1903 2208 1955 et
2240 1915 2342 1980 per
2368 1913 2519 1978 qnae
2546 1892 2748 1955 salva-

628 1997 714 2061 vit
745 1995 1014 2060 homines
1041 2004 1098 2058 et
1126 1993 1416 2079 AngeloS,
1457 1993 1730 2057 videlicet
1759 1992 2112 2080 Redemptio
2141 2006 2198 2057 et
2218 1991 2587 2059 Glorificatio
2608 1993 2749 2054 Hu-

629 2096 789 2161 mani
819 2096 940 2169 sui;
993 2094 1144 2158 baec
1174 2095 1289 2158 duo
1319 2094 1472 2158 inter
1498 2116 1558 2158 se
1589 2094 1861 2157 distincta
1889 2104 2058 2170 sunt,
2110 2096 2210 2158 sed
2244 2115 2427 2178 nsque
2456 2115 2637 2154 unum
2669 2094 2747 2155 ad

626 2196 1017 2262 salvationem
1046 2194 1285 2258 faciunt.
1366 2195 1522 2276 Quid
1553 2195 1966 2269 Rnnnmmo,
2019 2197 2076 2258 in
2115 2193 2597 2259 antecedentibus
2627 2191 2747 2256 Ar·

525 2379 532 2387 .
629 2296 823 2361 ticulis
855 2304 1149 2359 ostensum
1193 2305 1309 2372 est,
1366 2317 1573 2384 nempe
1618 2297 1777 2382 quod
1819 2294 1997 2359 suerit
2034 2295 2243 2380 Pugna
2285 2317 2416 2357 cum
2468 2293 2746 2368 Infernis,

627 2396 964 2482 subjugatio
1011 2395 1284 2472 illorum,
1337 2406 1393 2459 et
1442 2406 1644 2483 postea
1694 2398 1988 2462 ordinatio
2037 2395 2385 2460 Caelorum:
2440 2394 2744 2458 GLomm-

629 2519 814 2564 cmo
842 2507 1036 2562 autem
1068 2507 1153 2562 est
1184 2497 1387 2562 Unitio
1419 2498 1685 2561 Humani
1717 2497 1959 2563 Domini
1987 2520 2121 2562 cum
2151 2497 2371 2562 Divino
2399 2496 2593 2563 Patris
2624 2497 2741 2571 sui,

626 2600 775 2665 haec
819 2599 1146 2663 successive
1191 2596 1344 2661 facta
1389 2608 1509 2674 est,
1574 2607 1633 2662 et
1679 2598 1940 2684 plenarie
1985 2621 2090 2687 per
2138 2598 2468 2683 passionem
2516 2597 2739 2666 crucis;

628 2701 817 2764 omnis
861 2702 1014 2763 enim
1061 2699 1241 2762 homo
1289 2722 1319 2761 a
1364 2720 1468 2763 sna
1514 2708 1683 2787 parte
1729 2699 2009 2763 accedere
2058 2699 2232 2762 debet
2279 2699 2351 2761 ad
2394 2698 2628 2772 Deum,
2682 2708 2738 2759 et

629 2810 918 2888 quantum
958 2799 1138 2863 horno
1180 2800 1441 2875 accedit,
1498 2809 1723 2863 tantum
1756 2800 1915 2864 Dens
1941 2820 1973 2862 a
2003 2821 2106 2863 sua
2153 2810 2319 2886 parte
2361 2799 2570 2862 intrat:
2625 2797 2741 2860 hoc

626 2901 811 2965 simile
852 2910 939 2965 est
982 2900 1133 2966 sicut
1179 2923 1309 2962 cnm
1358 2899 1643 2986 Templo,
1695 2898 1810 2964 hoc
1856 2900 2108 2988 primum
2156 2897 2584 2964 aedificandum
2633 2908 2741 2973 est,

631 3011 690 3063 et
718 2999 832 3066 hoc
860 3000 924 3065 fit
954 3001 1224 3096 manibus
1257 2999 1594 3075 hominum,
1649 3008 1708 3064 et
1742 3011 1946 3089 postea
1986 3000 2458 3087 inaugurandum
2499 3008 2623 3075 est,
2680 3009 2741 3061 et

630 3100 865 3164 demum
895 3102 1219 3177 orandum,
1272 3110 1335 3164 ut
1363 3101 1526 3165 Deus
1569 3121 1847 3187 praesens
1886 3100 1960 3165 sit
1976 3093 1994 3177 ,'
2046 3123 2118 3165 ac
2158 3100 2322 3164 uniat
2362 3123 2423 3164 se
2464 3120 2591 3162 cum
2625 3100 2738 3163 Ec-

628 3200 802 3263 clesia
830 3199 930 3263 ibi.
996 3200 1171 3278 Quod
1202 3202 1324 3287 ipsa
1357 3201 1514 3273 Unio
1544 3201 1712 3288 plene
1741 3201 1897 3265 facta
1925 3202 1997 3266 sit
2026 3224 2131 3288 per
2156 3202 2498 3268 Passionem
2528 3201 2741 3275 crucis,

629 3309 714 3364 est
744 3321 955 3373 causa,
1008 3303 1142 3385 quia
1174 3301 1282 3364 fuit
1307 3302 1513 3366 ultima
1541 3301 1852 3388 Tentatio‚
1893 3323 2068 3388 quam
2101 3302 2389 3366 Dominus
2421 3304 2480 3364 in
2510 3302 2740 3366 Mundo

623 3400 873 3472 subivit,
928 3409 984 3463 et
1015 3422 1118 3485 per
1144 3402 1533 3465 Tentationes
1579 3401 1642 3465 fit
1686 3403 2059 3488 conjunctim
2111 3402 2170 3466 in
2215 3401 2304 3467 his
2349 3405 2506 3466 enim
2553 3402 2739 3467 homo

626 3500 701 3564 ad
742 3501 1146 3589 apparentiam
1175 3502 1284 3565 sibi
1321 3502 1427 3566 soli
1469 3504 1856 3590 relinquitur,
1912 3505 2141 3570 tametsi
2189 3524 2309 3566 non
2353 3505 2590 3568 relictus
2629 3511 2741 3575 est,

627 3622 763 3666 nam
790 3601 954 3665 Deus
983 3611 1123 3664 tunc
1159 3603 1219 3665 in
1247 3602 1465 3666 intimis
1503 3605 1631 3689 ejus
1664 3604 2130 3692 praesentissime
2173 3604 2367 3679 adest,
2421 3625 2494 3667 ac
2534 3600 2740 3667 sufful-

626 3700 736 3775 cit3
791 3722 976 3788 quare
1005 3724 1136 3765 cum
1166 3703 1379 3788 aliquis
1408 3706 1464 3766 in
1499 3706 1821 3768 tentatione
1856 3705 2062 3779 vincit,
2111 3705 2321 3797 intime
2354 3703 2739 3788 conjungitur

624 3802 784 3878 Deo,
840 3823 910 3866 ac
940 3802 1228 3867 Dominus
1261 3813 1399 3868 tunc
1430 3803 1557 3868 Deo
1586 3806 1751 3871 Patri
1780 3829 1885 3870 suo
1914 3806 2118 3869 intime
2150 3806 2345 3869 unitus
2372 3816 2475 3868 est.
2556 3804 2735 3882 Quod

623 3902 912 3968 Dominus
959 3904 1019 3965 in
1066 3902 1345 3968 Passione
1394 3906 1584 3969 crucis
1629 3906 1738 3970 sibi
1782 3908 2019 3971 relictus
2063 3909 2174 3982 sit,
2229 3916 2459 3969 constat
2506 3926 2574 3966 ex
2623 3903 2739 3967 hac

624 4002 811 4089 Ipsius
837 4003 1265 4068 exclamatione
1293 4027 1469 4093 super
1498 4028 1705 4083 cruce,
1761 4006 1921 4072 Deus
1955 4027 2139 4095 quare
2175 4006 2459 4092 reliquisti
2490 4006 2621 4079 Me,
2674 4013 2739 4067 et
2839 4083 2850 4101 ἱ

558 4167 565 4173 ,
624 4124 861 4189 quoque
890 4126 960 4168 ex
984 4104 1075 4167 his
1102 4105 1346 4168 Domini
1379 4107 1575 4170 verbis
1628 4107 1867 4182 „Nemo
1894 4106 2052 4172 tollit
2078 4112 2341 4180 animam
2370 4133 2410 4172 a
2435 4105 2579 4182 Me,
2624 4104 2743 4170 sed

627 4200 768 4288 Ego
793 4227 964 4293 „pono
997 4201 1170 4267 illam
1208 4227 1246 4267 a
1289 4204 1398 4268 Me
1430 4204 1613 4294 Ipso,·
1660 4219 2015 4298 potestatem
2058 4207 2205 4297 Ego*
2238 4204 2430 4273 haheo
2463 4204 2743 4300 ponendi

633 4297 836 4376 illam,
891 4317 945 4368 et
964 4314 1322 4396 potestatem
1351 4299 1543 4367 habeo
1585 4305 1912 4395 recipiendi
1935 4304 2104 4371 illam
2127 4358 2142 4385 ‚
2198 4304 2313 4372 hoc
2349 4320 2740 4401 praeceptum

2499 4595 2524 4616 Ω
