3309 4775
757 354 800 406 1.
882 354 1110 408 DEUS
1151 354 1593 410 CREATOR.
1638 386 1705 396 -
1770 357 1919 410 DEI
1959 355 2432 412 ESSENTIA.
2570 371 2638 419 59

542 507 867 594 recipiunt,
907 507 1008 595 qui
1035 515 1173 573 sunt
1199 508 1299 595 qui
1329 509 1576 573 credunt
1602 508 1659 571 in
1691 501 1915 585 Deum,
1968 518 2027 573 et
2061 519 2259 573 amant
2294 510 2642 598 proximum,

543 610 802 675 charitas
832 608 986 697 apud
1016 609 1146 673 illos
1175 618 1262 674 est
1287 610 1484 695 imago
1511 610 1664 674 illius
1703 610 1940 676 amoris.
2013 609 2283 676 Amicitia
2325 611 2478 675 inter
2522 633 2638 676 non

545 711 734 776 bonos
762 709 924 773 illum
955 732 1218 775 amorem
1262 711 1438 786 etiam
1480 710 1749 782 simulat;
1801 713 2028 776 amicus
2066 713 2216 775 enim
2264 712 2338 776 ad
2382 734 2638 777 mensam

543 833 710 877 suam
738 812 839 875 dat
867 811 1058 876 amico
1102 811 1364 899 potiora,
1414 811 1578 875 illum
1619 814 1951 886 osculatur,
2004 811 2199 900 palpat
2240 823 2301 876 et
2342 813 2642 900 conjungit

543 934 784 988 manus,
836 934 904 976 ac
934 912 1246 1001 pollicetur
1269 912 1454 976 officia
1486 935 1637 977 usus.
1708 912 2088 1005 Sympatbica
2127 936 2198 977 ac
2238 913 2395 978 nisus
2433 914 2641 978 homo-

550 1034 871 1101 geneorum
915 1022 975 1077 et
1019 1014 1292 1077 similium
1341 1013 1414 1077 ad
1460 1014 1934 1098 conjunctionem
1977 1035 2093 1078 non
2143 1015 2378 1079 aliunde
2422 1016 2642 1079 ducunt

547 1114 854 1201 originem.
928 1114 1152 1178 Eadem
1181 1115 1278 1178 illa
1305 1115 1522 1179 Divina
1548 1114 1810 1202 Sphaera
1840 1123 2120 1203 operatur
2150 1116 2327 1179 etiam
2368 1117 2426 1180 in
2455 1117 2641 1180 inani-

548 1224 742 1289 mata,
796 1216 943 1280 utin
974 1217 1219 1280 arbores
1243 1227 1301 1280 et
1329 1215 1574 1289 herbas,
1626 1218 1729 1280 sed
1770 1238 1875 1304 per
1904 1216 2100 1280 Solem
2131 1217 2368 1292 Mundi,
2421 1228 2479 1280 et
2520 1219 2644 1302 ejus

550 1318 807 1381 calorem
834 1326 893 1378 et
918 1318 1137 1391 lucem,
1192 1316 1354 1381 calor
1392 1318 1547 1379 enim
1587 1317 1770 1381 intrat
1810 1318 1938 1381 illas
1976 1317 2053 1380 ab
2092 1328 2291 1391 extra,
2342 1319 2643 1405 conjungit

542 1438 606 1481 se
635 1416 936 1492 cumillis,
993 1427 1052 1480 et
1092 1416 1230 1481 facit
1258 1425 1323 1480 ut
1358 1418 1719 1503 germinent,
1770 1416 2113 1492 florescant,
2166 1428 2226 1481 et
2263 1417 2637 1495 fructificent,

541 1532 698 1603 'quae
744 1518 870 1582 vice
916 1518 1293 1582 beatitudinis
1332 1529 1468 1583 sunt
1512 1518 1572 1582 in
1617 1519 1918 1591 animatis;
1970 1518 2085 1582 boc
2136 1518 2275 1583 facit
2315 1519 2414 1583 ille
2457 1519 2639 1596 calor,

544 1618 681 1704 quia
712 1620 1134 1705 correspondet
1160 1618 1341 1683 calori
1366 1619 1684 1707 spirituali,
1736 1621 1836 1706 qui
1875 1630 1961 1683 est
2005 1641 2187 1684 amor.
2262 1619 2640 1708 operationis

538 1716 715 1804 hujus
752 1722 973 1785 amoris
1013 1722 1580 1809 repraesentationes
1619 1721 1839 1785 dantur
1862 1722 2038 1784 etiam
2070 1722 2129 1784 in
2158 1722 2337 1785 variis
2362 1723 2640 1808 subjectis

536 1820 735 1907 Regni
763 1821 1087 1894 mineralis;
1141 1822 1335 1911 typica
1371 1821 1494 1904 ejus
1519 1821 1803 1886 sistuntur
1827 1823 1889 1885 iu
1919 1821 2372 1887 exaltationibus
2399 1822 2635 1887 illorum

532 1920 615 1985 ad
645 1944 781 1986 usus
809 1931 869 1985 et
896 1924 1028 1987 inde
1058 1924 1462 2010 pretiositates.

694 2024 796 2086 45
856 2023 942 2087 Ex
971 2023 1361 2110 descriptione
1390 2024 1693 2088 Essentiae
1723 2024 1923 2089 Divini
1952 1989 2189 2099 amoris,
2233 2025 2419 2089 videri
2448 2035 2637 2111 potest
2733 1987 2756 1998 κ

535 2125 730 2211 qualis
755 2131 842 2188 est
867 2126 1119 2190 essentia
1147 2126 1363 2189 amoris
1390 2125 1695 2201 diabolici,
1746 2124 1861 2191 boc
1887 2125 2072 2189 videri
2113 2135 2301 2214 potest
2339 2148 2411 2190 ex
2452 2150 2635 2214 oppu-

531 2224 681 2298 sito;
736 2247 905 2290 amor
930 2226 1254 2291 diabolicus
1280 2235 1366 2290 est
1395 2248 1565 2291 amor
1588 2226 1711 2302 sui,
1763 2238 1822 2291 et
1862 2226 1960 2289 hic
1992 2236 2240 2293 vocatur
2280 2249 2479 2302 amor,
2532 2229 2633 2292 sed

530 2325 598 2389 in
623 2348 687 2392 se
714 2336 1008 2416 spectatus
1035 2339 1121 2393 est
1149 2327 1379 2404 odium,
1432 2349 1549 2393 non
1577 2327 1731 2392 enim
1774 2338 1933 2393 amat
1972 2328 2303 2418 quempiam
2346 2339 2511 2394 extra
2551 2351 2633 2404 se,

532 2449 646 2492 nec
672 2430 798 2493 vult
826 2430 1104 2517 conjungi
1133 2430 1259 2494 aliis
1286 2439 1349 2492 ut
1378 2428 1707 2493 benefaciat
1734 2431 1877 2506 illis,
1928 2431 2031 2494 sed
2066 2430 2241 2492 modo
2283 2440 2343 2493 ut
2372 2431 2514 2502 sibi;
2562 2452 2633 2494 ex

530 2528 744 2592 intimo
773 2532 861 2595 sui
890 2532 1167 2596 continue
1195 2528 1427 2594 affectat
1466 2531 1761 2617 imperare
1800 2552 1977 2619 super
2018 2552 2254 2610 omnes,
2304 2538 2364 2594 et
2399 2553 2634 2617 quoque

533 2630 836 2719 possidere
881 2634 1140 2695 omnium
1189 2632 1374 2705 bona,
1427 2640 1484 2693 et
1531 2633 1766 2695 demum
1812 2643 1876 2695 ut
1922 2631 2208 2695 adoretur
2252 2632 2400 2695 sicut
2443 2630 2634 2695 Deus:

530 2750 692 2816 quae
720 2752 894 2797 causa
936 2742 1053 2808 est,
1107 2732 1265 2817 quod
1304 2731 1384 2793 illi
1417 2733 1515 2818 qui
1560 2733 1620 2796 in
1650 2732 1895 2796 Inferno
1935 2743 2102 2808 sunt,
2155 2752 2273 2794 non
2314 2744 2636 2817 agnoscant

530 2833 767 2907 Deum,
820 2836 921 2896 sed
952 2857 1058 2919 pro
1086 2834 1194 2897 diis
1222 2833 1382 2904 illos,
1436 2834 1534 2919 qui
1565 2841 1855 2919 potestate
1882 2855 2058 2920 super
2087 2832 2235 2896 alios
2270 2832 2503 2908 valent,
2553 2833 2633 2896 ita

525 2932 844 2998 inferiores
870 2944 928 2998 et
955 2935 1315 3022 superiores,
1369 2953 1472 2996 seu
1501 2934 1758 2998 minores
1783 2943 1842 2996 et
1870 2934 2122 3019 majores
2147 2932 2288 2998 deos
2312 2933 2632 2998 secundum

526 3035 933 3098 extensionem
993 3035 1327 3122 potestatis;
1381 3043 1440 3096 et
1492 3033 1630 3120 quia
1688 3035 1933 3120 quisque
1986 3035 2065 3099 ibi
2118 3033 2177 3096 id
2230 3036 2406 3098 corde
2461 3035 2631 3120 gerit,

531 3134 749 3221 flagrat
788 3138 963 3201 etiam
996 3136 1134 3201 odio
1163 3146 1367 3201 contra
1407 3157 1580 3198 suum
1621 3136 1829 3209 deu-m,
1882 3145 1940 3198 et
1979 3135 2075 3199 hic
2120 3143 2324 3201 contra
2366 3136 2495 3200 illos
2532 3139 2631 3222 qui

531 3237 645 3302 sub
686 3237 932 3325 imperio
979 3238 1104 3321 ejus
1143 3247 1309 3312 sunt,
1362 3245 1418 3299 et
1456 3245 1693 3323 reputat
1738 3236 1868 3302 illos
1913 3245 1977 3300 ut
2021 3237 2165 3300 viles
2207 3258 2443 3312 servos,
2496 3259 2629 3300 cum

532 3338 746 3424 quibus
791 3340 1026 3426 quidem
1077 3339 1289 3403 blande
1329 3335 1620 3422 loquitur,
1674 3338 1952 3424 quamdiu
2006 3338 2285 3411 adorant,
2340 3338 2440 3402 sed
2490 3338 2629 3402 furit

529 3440 681 3503 sicut
709 3462 779 3503 ex
808 3442 941 3527 igne
974 3451 1180 3506 contra
1211 3440 1498 3526 reliquos,
1549 3447 1609 3502 et
1637 3461 1872 3525 quoque
1920 3440 2163 3503 interius
2199 3459 2302 3501 seu
2351 3440 2411 3502 in
2452 3440 2629 3502 corde

533 3550 742 3604 contra
773 3542 1040 3616 clientes;
1096 3552 1183 3606 est
1213 3542 1365 3605 enim
1396 3561 1567 3604 amor
1591 3542 1679 3605 sui
1707 3541 1860 3604 idem
1890 3562 2022 3604 cum
2067 3560 2270 3604 amore
2310 3539 2625 3614 latronum,

535 3641 636 3726 qui
662 3663 724 3704 se
753 3654 957 3706 mutuo
987 3643 1346 3717 osculantur,
1386 3642 1620 3726 quando
1649 3643 1712 3704 in
1739 3641 2060 3710 latrociniis
2086 3650 2255 3716 sunt,
2292 3641 2393 3704 sed
2427 3650 2628 3725 postea

535 3740 747 3806 ardent
775 3744 1043 3833 cupidine
1072 3741 1376 3809 occidendi
1404 3741 1566 3818 illos,
1608 3752 1671 3806 ut
1698 3742 1930 3806 illorum
1966 3741 2216 3828 praedas
2242 3743 2417 3805 etiam
2449 3743 2631 3806 latro-

534 3842 821 3908 cinentur.
896 3844 1012 3908 Hic
1039 3866 1208 3908 amor
1233 3846 1295 3907 in
1325 3864 1499 3907 causa
1529 3853 1644 3918 est,
1699 3844 1856 3930 quod
1900 3833 2249 3930 cupiditales
2282 3843 2406 3928 ejus
2441 3844 2502 3904 in
2532 3843 2628 3906 ln·

533 3940 739 4020 ferno,
791 3946 892 4011 ubi
919 3955 1161 4031 regnat,
1212 3967 1246 4010 e
1273 3944 1596 4032 longinquo
1625 3954 1952 4032 appareant
1977 3944 2129 4009 sicut
2167 3945 2369 4008 variae
2406 3945 2631 4030 species

532 4041 825 4124 ferarum,
880 4046 1168 4134 quaedam
1195 4045 1344 4110 sicut
1370 4044 1576 4134 vulpes
1612 4055 1674 4109 et
1714 4046 1913 4133 pardi,
1967 4043 2257 4133 quaedam
2299 4047 2450 4109 sicut
2488 4045 2629 4133 lupi,

532 4154 592 4210 et
618 4146 888 4234 trigides,
935 4156 994 4212 et
1029 4146 1320 4237 quaedam
1360 4146 1511 4212 sicut
1551 4145 1833 4211 crocodili
1878 4155 1938 4211 et
1979 4155 2280 4233 serpentes
2319 4145 2628 4208 venenati}
2701 4198 2706 4207 ,

532 4255 590 4310 et
620 4251 778 4338 quod
807 4248 1039 4315 deserta
1061 4300 1075 4327 ,
1131 4249 1229 4329 ubi
1258 4247 1487 4324 vivunt,
1531 4268 1650 4311 non
1682 4246 2002 4311 consistant
2027 4247 2134 4309 nisi
2164 4265 2234 4307 ex
2260 4243 2518 4306 struibus
2545 4243 2628 4303 la-

2791 4542 2957 4702 A
