3309 4775
775 392 818 443 1.
896 389 1124 446 DEUS
1164 391 1607 447 CREATOR.
1652 420 1717 431 --
1773 393 1923 445 DEI
1965 392 2430 452 ESSENTIA.
2578 404 2646 454 57

559 547 746 634 gradu
785 554 907 621 est,
957 545 1035 611 ab
1075 545 1466 611 adolescentia
1510 546 1583 611 ad
1625 548 2022 631 juventutem,
2076 556 2134 612 et
2181 567 2391 631 porro,
2447 558 2499 610 et
2538 546 2652 610 hoc

562 646 628 711 tit
654 669 757 736 per
785 646 1192 735 perceptiones
1219 646 1536 712 veritatum
1567 656 1622 711 et
1650 649 1962 712 moralium
2006 658 2064 711 et
2094 647 2510 734 spiritualium:
2565 649 2651 711 ul-

561 748 743 814 terius
769 747 1066 813 sciendum
1099 756 1219 823 est,
1271 748 1429 833 quod
1462 747 1743 833 perfectio
1773 750 1930 813 vitae
1958 770 2075 812 non
2102 748 2380 812 consistat
2404 748 2463 811 in
2494 751 2651 836 cogi-

559 850 814 926 tatione,
865 848 966 914 sed
993 848 1052 911 in
1084 848 1459 937 perceptione
1491 849 1615 915 veri
1643 871 1716 913 ex
1743 849 1871 915 luce
1902 848 2058 923 veri;
2103 847 2468 913 differentiae
2494 849 2651 916 vitae

563 950 715 1040 apud
762 948 1030 1015 homines
1073 950 1207 1013 inde
1251 960 1488 1038 possunt
1540 950 1844 1024 concludi;
1898 951 2112 1014 dantur
2156 949 2309 1013 enim
2358 952 2454 1036 qui
2497 950 2651 1014 illico

564 1052 703 1116 dum
733 1051 978 1116 audiunt
1005 1070 1241 1127 verum,
1296 1049 1618 1140 percipiunt
1645 1051 1805 1139 quod
1843 1073 2046 1116 verum
2084 1052 2193 1127 sit,
2246 1048 2303 1113 hi
2342 1051 2402 1114 in
2428 1050 2653 1117 Mundo

566 1152 852 1240 spirituali
895 1160 1411 1240 repraesentantur
1450 1174 1552 1241 per
1595 1153 1853 1238 aquitas;
1907 1152 2120 1216 dantur
2164 1151 2262 1238 qui
2308 1172 2425 1216 non
2466 1154 2654 1238 perci-

566 1256 737 1340 piunt
768 1274 1000 1327 verum,
1053 1252 1154 1316 scd
1182 1253 1536 1317 concludunt
1564 1253 1705 1318 illud
1735 1275 1806 1316 ex
1835 1251 2376 1317 confirmationibus
2409 1275 2515 1341 per
2552 1276 2655 1340 ap-

568 1355 898 1442 parentias,
950 1352 1010 1415 hi
1057 1363 1572 1440 repraesentantur
1616 1376 1720 1442 per
1774 1375 1913 1418 aves
1965 1373 2242 1426 canoras;
2295 1353 2512 1416 dantur
2554 1354 2654 1441 qui

567 1453 814 1519 credunt
841 1475 1046 1518 verum
1076 1475 1235 1529 esse,
1286 1455 1421 1538 quia
1460 1455 1743 1519 dictatum
1773 1476 1805 1518 a
1841 1455 1972 1519 viro
2010 1454 2407 1530 auctoritatis,
2460 1453 2516 1517 hi
2559 1476 2655 1519 re·

565 1564 1020 1641 praesentantur
1067 1575 1170 1641 per
1214 1556 1399 1640 picas;
1453 1564 1512 1620 et
1548 1556 1788 1643 insuper
1828 1555 2075 1630 dantur,
2125 1555 2224 1641 qui
2267 1577 2384 1618 non
2433 1557 2658 1632 volunt,

566 1665 690 1718 tum
721 1658 817 1743 qui
851 1677 966 1720 non
999 1665 1258 1740 possunt,
1292 1658 1590 1745 percipere
1618 1678 1849 1732 verum,
1877 1656 1977 1720 sed
2005 1657 2182 1720 modo
2207 1655 2437 1730 falsum,
2481 1679 2654 1722 causa

566 1767 688 1831 est,
743 1757 878 1843 quia
907 1757 965 1819 in
997 1757 1124 1820 luce
1164 1757 1326 1821 fatua
1356 1766 1521 1833 sunt,
1574 1758 1632 1822 in
1663 1779 1778 1843 qua
1820 1758 1950 1822 luce
1988 1756 2197 1821 falsum
2229 1766 2472 1845 apparet
2510 1759 2657 1822 sicut

566 1876 806 1932 verum,
859 1879 930 1921 ac
959 1869 1161 1920 verum
1193 1855 1285 1919 vel
1311 1859 1460 1923 sicut
1487 1858 1724 1945 aliquod
1751 1880 1925 1948 supra
1956 1866 2130 1945 caput
2172 1858 2227 1919 in
2268 1859 2448 1923 densa
2476 1861 2653 1934 nube,

562 1957 994 2034 absconditum,
1040 1957 1308 2023 velsicut
1337 1969 1674 2035 meteoron,
1725 1960 1997 2025 velsicut
2022 1958 2264 2033 falsum,
2317 1957 2527 2023 horum
2558 1982 2655 2023 co-

563 2059 878 2145 gitationes
906 2068 1424 2146 repraesentantur
1454 2082 1557 2146 per
1591 2070 1854 2137 noctuas,
1895 2070 1953 2123 et
1986 2060 2252 2147 loquelae
2295 2082 2399 2145 per
2436 2061 2652 2130 ululas;

567 2159 651 2223 illi
692 2182 762 2224 ex
790 2159 909 2235 his,
963 2159 1064 2247 qui
1110 2159 1609 2226 confirmaverunt
1642 2183 1750 2226 sua
1778 2161 1955 2236 falsa,
1996 2184 2115 2225 non
2142 2161 2427 2225 sustinent
2455 2163 2658 2225 andire

567 2281 712 2326 vera
731 2309 747 2337 ,
799 2284 868 2326 ac
894 2270 958 2325 ut
987 2261 1236 2349 primum
1266 2262 1500 2349 aliquod
1532 2284 1738 2339 verum
1768 2264 1926 2325 auris
1953 2283 2156 2326 eorum
2196 2262 2403 2326 ostium
2448 2264 2659 2351 pulsat,

567 2382 638 2425 ex
666 2363 1037 2429 aversatione
1064 2363 1352 2452 repellunt
1380 2363 1521 2428 illud
1542 2414 1557 2439 ,
1598 2364 1694 2428 vix
1721 2364 1891 2429 aliter
1919 2384 2093 2451 quam
2123 2361 2461 2428 stomachus
2490 2364 2657 2429 bitio-

562 2464 642 2538 sis
680 2462 944 2529 differtus
984 2465 1178 2528 cibum
1216 2487 1286 2529 ex
1312 2486 1530 2530 nausea
1560 2466 1798 2531 evomit.

725 2568 826 2629 43.
879 2565 954 2628 V.
1005 2565 1196 2644 Quon
1235 2587 1522 2631 essi-:urla
1559 2587 1800 2631 Auoms
1839 2586 1934 2629 srr
1972 2585 2193 2630 Amani:
2229 2585 2409 2629 Amos
2449 2586 2659 2629 Exrna

569 2686 674 2741 sn,
727 2686 924 2729 venne
945 2686 1132 2731 unum
1155 2686 1290 2731 cnm
1319 2686 1476 2730 mus
1502 2687 1668 2740 FssE,
1721 2688 1799 2730 ET
1827 2685 2238 2731 BEA'rmcsnE
2261 2685 2434 2729 mos
2458 2685 2547 2729 ex
2574 2687 2658 2730 sn.

566 2768 718 2832 Sunt
751 2767 899 2841 duo,
955 2788 1104 2852 quae
1132 2765 1352 2831 faciunt
1380 2770 1689 2832 essentiam
1721 2768 1867 2842 Dei,
1918 2767 2103 2831 Amor
2141 2777 2198 2829 et
2225 2765 2557 2851 Sapientia,
2602 2777 2661 2832 at

562 2878 705 2933 sunt
745 2869 856 2931 tria
902 2887 1053 2952 quae
1098 2867 1319 2932 faciunt
1363 2869 1672 2933 essentiam
1729 2866 1944 2932 amoris
1988 2867 2206 2954 Ipsius,
2259 2887 2459 2932 amare
2514 2867 2661 2932 alios

568 2977 737 3051 extra
765 2990 861 3045 se,
912 2968 1061 3031 velle
1089 2990 1269 3032 unum
1300 2990 1430 3032 cum
1462 2969 1574 3033 illis
1607 2989 1761 3045 esse,
1816 2979 1874 3031 et
1912 2965 2251 3033 beatificare
2290 2967 2420 3033 illos
2458 2990 2526 3032 ex
2566 2991 2659 3038 se;

566 3070 774 3134 eadem
807 3069 918 3132 tria
947 3069 1120 3132 etiam
1151 3069 1371 3133 faciunt
1400 3072 1709 3135 essentiam
1734 3069 2051 3157 sapientiae
2083 3069 2285 3156 Ipsius,
2314 3069 2450 3155 quia
2477 3068 2663 3135 Amor

571 3182 630 3235 et
661 3171 962 3259 Sapientia
990 3171 1048 3232 in
1078 3170 1206 3234 Deo
1246 3192 1426 3235 unum
1467 3163 1720 3248 faciunt,
1775 3181 1836 3234 ut
1874 3191 2050 3257 supra
2095 3182 2389 3235 ostensum
2431 3159 2545 3243 est,
2600 3181 2662 3234 at

567 3270 757 3339 Amor
785 3271 912 3335 vult
938 3270 1058 3347 ina,
1092 3282 1149 3334 et
1178 3271 1473 3360 Sapientia
1504 3272 1768 3360 producit
1798 3271 1914 3335 illa.
1967 3271 2241 3337 Palmum
2265 3271 2664 3347 Essmrrmrz,

567 3373 740 3466 quod
763 3387 852 3437 est
878 3396 1083 3437 amare
1112 3369 1273 3438 alios
1299 3387 1475 3439 extra
1503 3397 1600 3449 se,
1651 3373 1990 3459 agnoscitur
2031 3394 2097 3436 ex
2138 3394 2339 3436 amore
2368 3373 2480 3437 Dei
2519 3393 2659 3458 erga

568 3484 761 3539 totum
791 3472 993 3538 Genus
1020 3472 1365 3550 humanum,
1391 3483 1446 3537 et
1475 3484 1714 3565 propter
1741 3473 1882 3537 illud
1911 3483 2069 3537 amat
2098 3475 2259 3538 Deus
2285 3475 2480 3538 omnia
2510 3494 2662 3559 quae

569 3576 823 3650 creavit,
872 3576 1010 3660 quia
1055 3586 1191 3639 sunt
1232 3575 1456 3651 media,
1509 3597 1645 3639 nam
1687 3577 1785 3662 qui
1828 3587 1987 3638 amat
2025 3573 2238 3649 finem,
2288 3577 2462 3637 etiam
2502 3584 2659 3639 amat

569 3676 794 3741 media:
847 3697 1049 3740 omnes
1088 3685 1146 3738 et
1189 3675 1385 3740 omnia
1423 3678 1482 3738 in
1526 3676 1821 3741 Universo
1860 3685 1993 3739 sunt
2037 3685 2200 3739 extra
2248 3676 2471 3752 Deum,
2524 3677 2660 3763 quia

567 3786 707 3845 sunt
731 3775 926 3851 finita,
977 3786 1036 3839 et
1075 3776 1235 3842 Deus
1261 3787 1349 3841 est
1389 3775 1688 3842 Infinitus:
1737 3797 1907 3840 amor
1945 3776 2057 3840 Dei
2102 3776 2262 3839 vadit
2301 3787 2358 3839 et
2400 3777 2659 3840 extendit

518 3914 523 3917 ·
565 3900 631 3945 se
660 3899 781 3942 non
809 3876 985 3939 modo
1014 3877 1086 3940 ad
1126 3877 1315 3942 bonos
1340 3886 1399 3940 et
1427 3877 1616 3954 hona,
1669 3877 1769 3942 sed
1808 3877 1985 3940 etiam
2031 3877 2105 3941 ad
2146 3876 2330 3941 malos
2374 3887 2433 3941 et
2483 3878 2657 3952 mala,

566 3977 818 4068 proinde
860 3997 981 4040 non
1021 3977 1198 4042 modo
1247 3978 1321 4042 ad
1364 3977 1496 4043 illos
1535 3988 1595 4043 et
1632 3978 1769 4055 itta,
1820 3998 1973 4065 quae
2014 3978 2073 4040 in
2114 3976 2293 4041 Caelo
2335 3987 2503 4054 sunt,
2556 3978 2659 4044 sed

569 4080 748 4145 etiam
776 4075 851 4142 ad
888 4076 1019 4141 illos
1059 4086 1117 4140 et
1158 4078 1257 4142 illa
1295 4099 1444 4164 quae
1484 4079 1544 4142 in
1584 4078 1825 4144 Inferno
1857 4088 2025 4152 sunt,
2079 4081 2158 4142 ita
2199 4100 2319 4144 non
2362 4079 2538 4142 modo
2584 4077 2659 4142 ad

565 4178 918 4245 Michaelem
947 4187 1006 4242 et
1031 4177 1402 4254 Gabrielem,
1451 4180 1552 4244 sed
1596 4181 1780 4247 etiam
1817 4179 1892 4244 ad
1932 4178 2233 4244 diabolum
2278 4187 2337 4241 et
2374 4186 2661 4250 satanam,

569 4291 658 4347 est
698 4282 853 4346 enim
894 4280 1055 4347 Deus
1097 4278 1289 4351 ubivis
1332 4289 1388 4344 et
1436 4281 1511 4346 ab
1551 4289 1792 4346 aeterno
1833 4278 1893 4347 in
1936 4288 2237 4344 aeternum
2277 4275 2469 4345 Idem;
2522 4275 2659 4334 dicit
