3309 4775
1073 331 1137 375 nu
1293 311 1747 366 UNIVERSA
1794 311 2321 367 THEOLOGIA
2372 313 2440 369 N.
2485 311 2548 364 C.
2591 312 2699 363 ΕΤ
2742 312 2806 363 tt.
2845 312 2913 368 Ε.

1065 479 1121 531 et
1153 466 1306 554 quod
1349 466 1485 553 quia
1531 476 1760 552 tempus
1798 487 1920 530 non
1964 464 2073 529 fuit
2116 476 2253 529 ante
2293 466 2616 540 Mundum,
2669 488 2905 552 prorsus
2944 488 3169 532 vanum

1069 579 1217 635 esset
1243 568 1315 631 de
1338 567 1470 631 Deo
1501 568 1765 653 cogitare
1794 566 1988 652 aliqua
2018 565 2154 631 talia
2178 596 2192 640 ;
2238 577 2361 630 tum
2392 567 2528 653 quia
2557 566 2839 632 Divinum
2868 568 2945 631 ab
2971 579 3167 631 aeter·

1069 691 1177 747 nn,
1216 670 1298 733 ita
1327 669 1404 732 ab
1431 669 1592 733 omni
1618 678 1887 754 tempore
1915 668 2309 743 abstractum,
2348 689 2465 731 non
2499 668 2745 733 involvit
2774 669 2929 745 dies,
2974 690 3168 733 annos

1069 783 1129 835 et
1153 769 1422 847 saecula,
1455 770 1558 835 sed
1603 770 1761 856 quod
1791 770 1985 834 omnia
2032 769 2177 832 haec
2218 779 2409 833 essent
2437 769 2568 836 Deo
2597 770 3165 848 Instanshconclnsi

1069 872 1224 959 quod
1253 870 1511 936 Mundus
1537 892 1572 935 a
1598 871 1727 938 Deo
1754 882 1985 959 creatus
2010 871 2103 945 sit,
2140 891 2258 933 non
2285 870 2343 932 in
2374 879 2659 959 tempore,
2691 870 2793 935 sed
2823 872 2980 957 quod
3012 881 3163 934 tem-

1069 994 1210 1059 [ποτε
1240 994 1275 1037 a
1318 972 1445 1037 Deo
1485 994 1618 1036 cum
1662 972 1963 1037 creatione
2000 971 2333 1035 introducta
2373 970 2503 1035 sint.
2588 972 2697 1036 His
2735 971 3002 1054 adjiciam
3045 970 3166 1034 hoc

1069 1072 1486 1146 memorabam
1543 1082 1832 1159 apparent
1890 1073 2063 1137 binae
2120 1073 2365 1137 Statuae
2419 1074 2474 1135 in
2526 1072 2782 1137 bumana
2829 1081 3163 1136 monstrosa

1065 1175 1258 1239 forma
1289 1196 1419 1239 cum
1448 1174 1697 1238 diductis
1723 1174 1925 1238 oribus
1952 1184 2009 1238 et
2038 1174 2293 1237 dilatatis
2326 1172 2593 1239 faucibus
2632 1175 2692 1237 in
2735 1196 2853 1237 una
2882 1174 3165 1237 extremi-

1065 1287 1186 1339 tate
1214 1275 1425 1343 Mundi
1450 1275 1816 1363 spiritualis,
1861 1298 1892 1338 a
1922 1277 2134 1363 quibus
2164 1275 2435 1338 videntur
2462 1277 2571 1338 sibi
2602 1269 2911 1361 deglutiri,
2954 1277 3053 1360 qui
3082 1275 3165 1335 de

1065 1379 1195 1443 Deo
1222 1378 1300 1441 ab
1326 1387 1569 1440 aeterno
1601 1397 1749 1439 vana
1778 1385 1834 1439 et
1862 1377 2152 1439 dementia
2182 1377 2471 1463 cogitant3
2506 1376 2606 1440 sed
2634 1385 2769 1440 sunt
2798 1374 3165 1462 phantasiae,

1069 1479 1125 1539 in
1169 1499 1314 1564 quas
1355 1499 1418 1542 se
1459 1477 1779 1561 conjiciunt
1821 1477 1931 1553 illi,
1978 1478 2075 1564 qui
2121 1479 2192 1541 de
2225 1478 2354 1541 Deo
2396 1487 2531 1541 ante
2560 1478 2847 1543 Mundum
2890 1488 3160 1541 creatum

1068 1579 1288 1643 absona
1317 1588 1374 1643 et
1400 1578 1659 1641 indebita
1690 1578 1968 1664 cogitant.

1219 1684 1319 1745 32.
1360 1680 1426 1745 V.
1469 1681 1660 1761 Quon
1686 1700 2060 1743 mnus-rans
2090 1680 2299 1744 Rxno
2325 1700 2414 1745 Ex
2438 1699 2793 1744 emunctis
2821 1698 2885 1743 m
2913 1678 3166 1742 Momm

1065 1802 1298 1847 isumus
1339 1802 1544 1847 Possm·
1582 1781 1997 1846 Immunem
2023 1782 2161 1846 Dm.
2208 1766 2767 1845 'Enumerabuntur
2805 1779 3038 1865 aliqua,
3081 1800 3164 1841 ex

1061 1884 1274 1967 quibus
1303 1884 1484 1947 Ratio
1514 1879 1775 1945 bumana
1804 1880 2161 1947 Infinitatem
2192 1882 2301 1946 Dei
2332 1883 2531 1945 videre
2561 1891 2781 1969 potest,
2819 1902 2971 1965 quae
2997 1890 3159 1943 sunt.

1065 1983 1105 2047 Ι.
1157 1983 1332 2064 Quod
1361 1984 1418 2046 in
1450 1982 1745 2047 Universo
1774 1982 2002 2046 Creato-
2034 2005 2152 2047 non
2194 1986 2408 2046 dentur
2447 1986 2563 2045 duo
2602 2005 2753 2067 quae
2786 1982 2947 2045 Idem
2986 1991 3159 2049 sunta

1065 2085 1220 2171 quod
1250 2105 1369 2147 non
1396 2084 1568 2148 detur
1593 2083 1692 2149 illa
1721 2083 2038 2159 ldentitas,
2081 2085 2141 2147 in
2168 2085 2556 2157 simultaueis‚
2602 2083 2869 2148 Eruditio
2896 2083 3160 2147 bumana

1065 2207 1137 2247 ex
1169 2184 1393 2249 ratione
1421 2184 1565 2249 vidit
1595 2194 1654 2248 et
1696 2181 2100 2261 confirmavit,
2142 2196 2201 2249 et
2230 2199 2425 2249 tamen
2453 2185 2857 2251 substantialia
2888 2194 2946 2247 et
2974 2194 3163 2247 mate-

1065 2286 1230 2349 siaha
1260 2286 1384 2371 ejus
1409 2284 1817 2349 individuatim
1846 2296 2107 2373 spectata
2138 2286 2363 2351 infinito
2396 2308 2642 2350 numero
2667 2296 2831 2360 sunt;
2862 2285 3019 2371 quod
3050 2307 3162 2347 nec

1063 2388 1236 2452 delur
1263 2387 1544 2452 Identitas
1571 2387 1822 2451 duorum
1854 2385 2163 2452 effectuum
2194 2391 2251 2452 in
2280 2389 2621 2454 successivis
2649 2391 2705 2450 in
2739 2388 2984 2461 Mundo,
3014 2409 3156 2448 con-

1061 2488 1216 2552 cludi
1261 2498 1453 2577 potest
1496 2512 1565 2553 ex
1606 2488 1917 2578 gyratione
1945 2489 2231 2563 Telluris;
2285 2490 2443 2576 quod
2489 2490 2883 2554 excentricum
2924 2489 3054 2574 ejus
3096 2489 3155 2550 in

1061 2589 1208 2676 pulis
1249 2589 1466 2667 saciat,
1520 2599 1583 2654 ut
1622 2611 1909 2677 nusquam
1963 2591 2203 2677 aliquod
2244 2591 2395 2654 idem
2442 2591 2669 2659 redeat;
2728 2591 2883 2676 quod
2929 2590 3008 2651 ita
3061 2589 3158 2663 sit,

1061 2692 1364 2756 evidenter
1392 2703 1622 2756 constat
1650 2714 1720 2755 ex
1749 2689 2011 2755 faciebus
2036 2689 2339 2765 humanis,
2377 2691 2535 2777 qnod
2565 2692 2622 2754 in
2653 2692 2946 2756 Universo
2976 2691 3155 2755 Mun-

1061 2794 1133 2856 dn
1165 2814 1277 2857 non
1306 2793 1479 2857 detur
1507 2815 1622 2857 una
1650 2792 1831 2858 facies
1861 2814 2095 2878 prorsus
2122 2793 2324 2858 similis
2352 2814 2454 2857 seu
2484 2794 2687 2856 eadem
2729 2814 2860 2856 cum
2892 2790 3157 2866 alterius,

1057 2904 1117 2956 et
1145 2897 1300 2981 quod
1335 2916 1442 2957 nec
1469 2895 1596 2958 dari
1627 2894 1806 2980 possit
1833 2894 1890 2955 in
1919 2903 2259 2962 aeternum:
2311 2893 2459 2957 haec
2496 2892 2717 2957 infinita
2752 2895 3009 2957 varietas
3050 2913 3158 2954 ne-

1057 3016 1354 3080 quaquam
1394 3004 1584 3082 potest
1632 2995 1913 3070 existere,
1967 2995 2073 3060 nisi
2116 3019 2185 3060 ex
2225 2994 2523 3059 Infinitate
2561 2996 2669 3058 Dei
2699 2992 3012 3058 Creatoris.
3073 2991 3151 3054 ΙΙ.

1057 3096 1232 3172 Quod
1275 3117 1394 3159 non
1423 3096 1593 3158 detur
1633 3096 1805 3159 unius
1842 3095 2086 3161 Animus
2125 3119 2361 3185 prorsus
2400 3095 2601 3160 similis
2640 3095 2912 3169 alterius,
2965 3116 3154 3179 quare

1061 3200 1300 3272 dicitnr,
1345 3204 1486 3281 quot
1514 3197 1706 3281 capita
1738 3206 1823 3260 tot
1850 3197 2061 3267 animi3
2107 3198 2381 3285 proinde,
2423 3197 2580 3282 quod
2611 3219 2729 3260 non
2757 3199 2930 3260 detur
2961 3196 3157 3260 Unius

1061 3296 1257 3371 Mens,
1311 3295 1423 3360 hoc
1453 3307 1536 3360 est
1557 3345 1572 3371 ,
1631 3296 1902 3360 voluntas
1928 3306 1985 3357 et
2013 3297 2373 3371 intellectus,
2431 3320 2669 3383 prorsus
2695 3297 2896 3362 similis
2921 3319 3019 3361 seu
3048 3318 3155 3358 ea-

1057 3400 1188 3460 dem
1221 3417 1350 3460 cum
1386 3396 1657 3464 alterius:
1713 3407 2141 3483 consequenter
2182 3420 2298 3462 non
2344 3399 2511 3463 unius
2550 3398 2782 3484 loquela
2825 3399 3018 3484 quoad
3050 3420 3157 3460 so-

1057 3519 1195 3560 num
1223 3509 1282 3561 et
1311 3499 1503 3584 quoad
1546 3499 1964 3586 cogitationem
2008 3521 2077 3563 ex
2104 3521 2255 3585 qua,
2309 3522 2500 3586 neque
2543 3501 2712 3563 nnius
2748 3501 2906 3563 actio
2951 3498 3152 3583 quoad

1057 3607 1282 3684 gestum
1329 3608 1386 3662 et
1431 3600 1627 3686 quoad
1667 3597 2072 3676 affectionem,
2126 3601 2198 3665 ad
2245 3605 2518 3664 amussim
2564 3600 2842 3686 aequales
2886 3599 3153 3673 alterius,

1057 3720 1125 3760 eft
1169 3720 1282 3786 qua
1329 3699 1554 3764 infinita
1601 3700 1890 3772 varietate
1932 3702 2107 3765 etiam
2149 3703 2296 3765 sicut
2342 3702 2399 3763 in
2446 3703 2683 3786 speculo
2728 3701 2992 3764 infinitas
3035 3701 3151 3764 Dei

1057 3800 1351 3865 tire-atoris
1381 3801 1565 3865 videri
1597 3810 1808 3889 potest.
1880 3800 1982 3865 Ill.
2024 3803 2198 3883 Quod
2229 3803 2386 3865 omni
2416 3803 2619 3867 semini
2650 3815 2767 3865 tarn
2805 3802 3146 3865 animalium

1053 3924 1228 3988 quam
1260 3901 1675 3988 vegetabilium
1702 3903 1775 3967 sit
1801 3903 1970 3967 insita
1994 3903 2283 3990 quaedam
2314 3902 2672 3968 immensitas
2698 3925 2769 3967 ac
2795 3902 3149 3973 aeternitas;

1049 4003 1444 4080 immensitas,
1493 4003 1651 4091 quod
1686 4004 2055 4093 multiplicari
2084 4005 2262 4092 possit
2305 4005 2363 4067 in
2404 4002 2731 4080 infinitum,
2779 4027 2849 4068 ac
2889 4003 3150 4067 aeterni·

1049 4116 1169 4180 135,
1208 4105 1365 4191 quod
1406 4105 1811 4195 multiplicatio
1839 4105 1938 4170 illa
1968 4128 2000 4169 a
2030 4105 2330 4180 creatione
2360 4105 2568 4172 Mundi
2594 4105 2819 4192 absque
2850 4105 3148 4191 interrup-

1057 4204 1210 4269 tinne
1253 4204 1369 4270 huc
1417 4227 1598 4295 usque
1645 4206 1993 4296 perstiterit,
2050 4217 2104 4272 et
2150 4207 2306 4295 quod
2351 4208 2410 4271 in
2455 4215 2801 4295 perpetuum
2843 4205 3151 4295 persistat:
