3309 4775
677 383 722 445 1,
801 382 1034 438 DEUS
1076 382 1521 438 ΟΒΕΑΤΟΒ.
1568 415 1633 425 -
1679 384 2079 438 DIVINUM
2123 385 2363 442 ESSE.
2501 400 2566 449 n

468 535 766 611 deficiunt,
808 545 911 599 aut
941 534 1122 599 homo
1148 535 1280 600 illas
1304 536 1546 623 spernit;
1590 544 1734 600 tuuc
1761 537 2033 602 Elevatio
2061 539 2391 604 intellectus
2417 560 2581 602 com-

471 636 679 725 parari·
716 645 906 721 potest
953 635 1162 699 Scalae
1213 657 1244 698 e
1292 645 1451 700 terra
1498 636 1570 699 ad
1619 636 1938 701 fenestram
1995 638 2215 725 primae
2264 639 2581 704 mansionis

469 735 763 822 magnifici
806 736 1022 800 Palatii
1066 746 1333 812 erectae,
1380 737 1477 799 ubi
1525 749 1973 802 commorantur
2013 737 2309 812 homines,
2357 747 2414 801 et
2461 760 2577 802 non

471 838 543 902 ad
573 838 862 903 fenestras
891 837 1188 901 secundae
1230 835 1582 911 mansionis,
1627 838 1727 899 ubi
1755 837 2040 924 Spiritus,
2077 847 2137 901 et
2164 840 2356 902 minus
2385 838 2580 902 adbuc

474 939 548 1002 ad
577 938 867 1001 fenestras
896 936 1105 999 tertiae
1135 937 1482 1010 mansionis,
1525 937 1625 1000 ubi
1653 934 1897 1023 Angeli;
1939 938 2074 1002 inde
2103 938 2185 1014 fit,
2217 939 2375 1026 quod
2402 937 2583 1004 homo

466 1059 590 1101 non
615 1038 724 1101 nisi
755 1058 933 1121 quam
963 1037 1023 1098 in
1053 1047 1302 1101 naturae
1343 1034 1773 1124 atmosphaeris
1813 1047 1872 1101 et
1901 1039 2325 1114 materialibus,
2364 1040 2422 1101 in
2452 1040 2581 1126 qui-

475 1139 586 1202 bus
626 1138 861 1211 oculoS,
913 1158 1124 1211 aures,
1182 1146 1242 1199 et
1295 1157 1468 1200 nares
1513 1145 1711 1214 tenet,
1767 1147 2035 1213 maneat,
2090 1161 2159 1202 ex
2204 1139 2417 1225 quibus
2461 1160 2579 1202 uon

442 1238 625 1303 salias·
664 1239 825 1300 ideas
865 1238 936 1300 de
966 1236 1146 1301 Caelo
1187 1246 1244 1300 et
1286 1238 1358 1301 de
1384 1237 1499 1302 Dei
1531 1237 1676 1301 Esse
1723 1247 1783 1300 et
1822 1236 2087 1301 Essentia
2128 1238 2360 1314 haurit,
2401 1259 2580 1324 quam

471 1337 967 1423 atmosphaericas
1007 1345 1065 1399 et
1109 1338 1470 1410 materiales,
1531 1346 1591 1399 et
1644 1356 1716 1399 ex
1768 1335 1859 1401 his
1902 1336 2082 1401 bomo
2137 1339 2403 1423 cogitans
2450 1359 2572 1403 non

471 1438 695 1522 judicat
729 1438 1045 1523 quicquam
1075 1437 1144 1499 de
1175 1436 1339 1511 Deo,
1394 1458 1534 1500 num
1563 1437 1639 1500 sit
1670 1435 1762 1499 vel
1803 1459 1922 1500 non
1961 1438 2067 1512 sit,
2115 1439 2210 1503 vel
2238 1460 2378 1501 uum
2414 1460 2582 1513 unus,

471 1546 573 1601 aut
602 1558 742 1599 num
774 1538 998 1622 plures;
1045 1544 1104 1598 et
1132 1536 1327 1600 adbuc
1367 1537 1589 1610 minus,
1638 1537 1825 1624 qualis
1868 1547 1952 1602 cst
1994 1538 2192 1625 quoad
2232 1557 2401 1602 suum
2436 1537 2581 1603 Esse

468 1646 529 1701 et
554 1637 749 1723 quoad
779 1658 943 1700 suain
977 1637 1323 1701 Esseutiam.
1383 1637 1528 1700 Inde
1557 1645 1765 1701 exorta
1793 1632 1879 1701 est
1895 1637 2213 1703 Pluralitas
2240 1637 2486 1701 deorum
2513 1638 2574 1700 in

468 1737 729 1803 Saeculis
757 1738 1044 1824 antiquis,
1090 1746 1148 1799 et
1177 1759 1414 1824 quoque
1452 1736 1512 1800 iu
1544 1734 1863 1801 hodiernis,

1332 1885 1716 1927 ******

624 2041 726 2099 25.
761 2036 871 2100 His
898 2034 1168 2121 adjiciam
1199 2034 1315 2101 hoc
1343 2037 1801 2101 Menon-amm:
1854 2035 2172 2117 Quondam
2202 2048 2580 2123 experrectus

472 2160 509 2203 a
549 2159 792 2211 somno,
831 2137 1006 2199 incidi
1048 2138 1106 2199 in
1137 2136 1493 2224 profundam
1536 2137 1974 2202 meditationem
2012 2136 2086 2200 de
2124 2138 2297 2210 Dum
2344 2148 2402 2203 et
2441 2159 2575 2203 cum

470 2237 722 2326 suspexi,
761 2236 879 2301 vidi
909 2258 1088 2321 supra
1119 2259 1212 2300 me
1246 2239 1304 2300 iu
1335 2237 1513 2302 Caelo
1540 2237 1762 2302 Lucem
1791 2235 2261 2302 candidissimam
2292 2240 2352 2303 iu
2382 2237 2574 2303 forma

471 2339 663 2412 ovali;
697 2346 755 2400 et
784 2358 912 2401 cum
945 2335 1038 2427 lixi
1069 2338 1343 2402 intuitum
1374 2339 1433 2403 in
1461 2338 1620 2403 Luce
1648 2337 1746 2402 illa
1767 2384 1784 2415 ,
1831 2337 2145 2403 recedebat
2173 2338 2302 2403 Lux
2330 2340 2404 2403 ad
2431 2341 2578 2404 late-

469 2461 560 2517 ra,
591 2448 647 2504 et
674 2439 934 2501 intrabat
964 2439 1021 2500 in
1053 2438 1430 2526 peripherias‚
1473 2448 1531 2502 et
1557 2449 1698 2504 tunc
1737 2459 1873 2502 ecce
1915 2438 2104 2525 patuit
2146 2438 2284 2502 mibi
2316 2439 2578 2515 Caelum,

467 2549 531 2603 et
562 2538 677 2602 vidi
711 2537 1045 2623 magnifica,
1072 2547 1130 2603 et
1157 2538 1419 2624 Angelos
1443 2548 1665 2605 stantes
1691 2541 1749 2602 in
1780 2539 1970 2602 forma
2001 2539 2157 2603 Circi
2183 2560 2217 2603 a
2245 2539 2431 2604 latere
2457 2560 2581 2604 me-

467 2638 751 2704 ridionali
777 2648 1126 2724 aperturae,
1171 2649 1228 2701 et
1259 2639 1654 2726 loquebantur
1688 2641 1842 2704 inter
1878 2659 1974 2711 se3
2018 2648 2077 2703 et
2119 2639 2253 2724 quia
2297 2638 2583 2703 accende-

466 2739 583 2804 bar
629 2738 920 2802 desiderio
967 2738 1242 2801 audiendi
1290 2740 1428 2826 quid
1480 2738 1911 2826 loquebantur,
1968 2738 2103 2803 ideo
2144 2738 2401 2802 dabatur
2438 2736 2581 2802 mihi

466 2839 727 2927 primum
775 2836 982 2900 audire
1032 2838 1292 2914 Sonum,
1358 2839 1457 2925 qui
1513 2840 1719 2926 plenus
1762 2846 1888 2901 erat
1933 2857 2139 2902 amore
2184 2836 2454 2913 caelesti,
2524 2848 2584 2902 et

467 2948 674 3027 postea
701 2937 1060 3023 Loquelam,
1106 2959 1256 3025 quae
1284 2939 1457 3026 plena
1483 2947 1612 3002 erat
1652 2937 1938 3025 sapientia
1969 2958 2038 3000 ex
2068 2936 2169 3001 illo
2213 2958 2446 3007 amore;
2493 2936 2582 3002 lo-

469 3040 816 3126 quebantur
862 3037 1018 3100 inter
1060 3059 1122 3103 se
1170 3038 1242 3101 de
1290 3040 1428 3104 Deo
1467 3038 1643 3114 Uno,
1697 3047 1756 3100 et
1799 3037 1871 3101 de
1917 3037 2404 3102 Commio-noun
2447 3056 2583 3102 cun

467 3138 651 3213 Ipso,
711 3146 770 3201 et
813 3136 949 3200 inde
1000 3137 1431 3204 SALvmonss:
1487 3138 1887 3224 loquebantur
1930 3135 2280 3211 ineffabilia,
2326 3158 2578 3222 quorum

464 3239 752 3327 pleraque
780 3258 902 3300 nou
934 3247 1173 3323 possunt
1201 3240 1410 3302 cadere
1448 3239 1508 3300 in
1540 3259 1717 3304 voces
1756 3239 2003 3324 alicujus
2031 3238 2298 3323 Linguae
2336 3247 2580 3303 natura-

462 3338 571 3410 lisz
614 3340 713 3403 sed
747 3338 882 3424 quia
914 3339 1224 3424 aliquoties
1251 3338 1477 3403 sueram
1509 3339 1571 3401 in
1600 3338 1903 3402 consortio
1931 3360 2060 3400 cum
2093 3334 2335 3424 Angelis
2364 3338 2419 3400 in
2450 3339 2578 3423 ipso

464 3437 683 3514 Caelo,
728 3449 785 3502 et
816 3446 958 3501 tunc
987 3440 1046 3500 in
1076 3439 1250 3503 simili
1279 3438 1512 3526 loquela
1557 3459 1689 3501 cum
1736 3437 1877 3514 illis,
1916 3439 2054 3525 quia
2095 3438 2154 3499 in
2196 3439 2369 3502 simili
2400 3447 2580 3513 statu,

459 3538 603 3601 ideo
634 3539 795 3624 potui
838 3559 996 3601 nunc
1033 3538 1359 3624 intelligere
1401 3539 1564 3614 illos,
1605 3547 1664 3601 et
1705 3559 1776 3602 ex
1809 3559 2083 3602 sermone
2125 3537 2360 3602 illorum
2406 3539 2579 3603 desu-
2659 3570 2664 3573 Δ

460 3658 631 3701 mere
660 3639 892 3724 aliqua,
941 3659 1093 3722 quae
1125 3648 1366 3725 possunt
1404 3638 1671 3721 expromi
1717 3639 1957 3702 vocibus
1987 3638 2253 3722 Linguae
2293 3636 2581 3703 naturalis

459 3737 852 3802 rationaliter.
925 3738 1251 3812 Dicebant,
1301 3738 1457 3824 quod
1487 3731 1790 3804 Dlvmuu
1817 3738 1967 3802 Esse
1992 3758 2090 3802 sn*
2118 3737 2353 3814 Unum,
2395 3737 2580 3812 lnam,

457 3834 685 3910 Ipsum,
727 3857 804 3901 ET
831 3836 1259 3903 lnmvmuum.
1335 3838 1503 3903 Haec
1543 3839 1917 3904 illustrabant
1959 3858 2064 3923 per
2104 3837 2265 3902 ideas
2300 3837 2581 3926 spiritua·

455 3937 586 4009 les;
625 3936 907 4012 dicendo,
946 3938 1102 4024 quod
1131 3939 1413 4003 Divinum
1443 3939 1583 4004 Esse
1613 3959 1739 4003 uon
1781 3938 1962 4024 possit
2002 3936 2219 4003 cadere
2259 3939 2319 4001 in
2360 3939 2574 4026 plures,

457 4058 721 4122 quorum
753 4037 1069 4125 unicuique
1092 4039 1169 4104 sit
1193 4040 1479 4104 Divinum
1507 4040 1650 4105 Esse
1668 4085 1686 4114 ,
1731 4047 1791 4102 et
1818 4058 2006 4125 usque
2033 4037 2177 4102 illud
2207 4032 2580 4114 esseUnum,

455 4135 666 4213 Idem,
702 4136 932 4225 Ipsum,
968 4148 1028 4204 et
1073 4139 1489 4213 Individuum;
1536 4139 1826 4226 cogitaret
1869 4138 2025 4202 enim
2076 4139 2325 4226 quisque
2363 4158 2436 4201 ex
2471 4157 2580 4202 suo

454 4236 610 4303 Esse
637 4258 708 4303 ex
735 4259 832 4316 se,
876 4249 934 4305 et
960 4240 1298 4328 singulatim
1325 4262 1433 4330 per
1457 4260 1557 4319 se,
1604 4239 1653 4307 si
1683 4248 1828 4304 tunc
1851 4238 2035 4304 etiam
2063 4258 2137 4304 ex
2165 4236 2368 4304 alteris
2387 4245 2447 4300 et
2475 4255 2583 4322 per
