3309 4775
978 470 1050 518 90
1226 455 1420 509 [51le
1453 456 1681 508 ERSA
1724 455 2250 507 'ruEuLOGlA
2294 455 2361 510 N.
2406 453 2470 507 C.
2515 453 2624 506 ΕΤ
2665 454 2731 510 N.
2777 454 2840 504 E.

979 612 1144 675 Deus
1174 632 1291 674 non
1333 619 1520 696 potest
1565 610 1885 674 secundnm
1926 631 2062 674 suas
2103 609 2259 694 leges
2299 608 2471 672 alicui
2510 607 2732 672 homini
2772 608 3069 671 remittere

979 723 1252 799 peccata,
1307 711 1411 774 nisi
1455 721 1741 795 qnantum
1782 711 1961 775 horno
1993 712 2313 775 secundum
2355 731 2488 774 suas
2531 710 2691 795 leges
2730 707 2952 772 desistit
2993 708 3066 771 ab

981 813 1123 888 illis,
1178 813 1338 877 Deus
1383 832 1499 874 non
1542 821 1732 898 potest
1773 813 2152 899 spiritualiter
2188 833 2543 896 regenerare
2580 811 2911 886 hominem,
2963 808 3070 874 nisi

981 923 1266 1001 quantum
1294 911 1474 976 homo
1501 913 1821 978 secundum
1862 935 1996 977 suas
2034 913 2192 999 leges
2230 934 2290 976 se
2332 912 2680 976 naturaliter
2726 920 3069 997 regenerat;

980 1016 1142 1080 Deus
1167 1015 1226 1077 in
1254 1025 1542 1101 perpetuo
1573 1025 1788 1078 conatu
1820 1023 1904 1079 est
1934 1015 2323 1099 regenerandi
2370 1022 2426 1077 et
2467 1013 2550 1077 sic
2588 1013 2855 1078 salvandi
2883 1011 3071 1075 bomi-

980 1138 1147 1189 nem,
1198 1116 1298 1179 sed
1327 1114 1444 1178 boc
1473 1138 1590 1179 non
1623 1125 1813 1203 potest
1854 1115 2080 1180 efficere
2120 1116 2228 1178 nisi
2268 1116 2416 1179 sicut
2456 1112 2636 1177 bomo
2675 1124 2841 1201 parat
2879 1136 2940 1177 se
2979 1134 3072 1176 re·

981 1216 1382 1305 ceptaculum,
1432 1215 1596 1280 etsie
1625 1216 1899 1305 applanat
1930 1216 2060 1280 Deo
2091 1218 2244 1280 viam
2264 1263 2280 1291 ,
2331 1224 2387 1277 et
2418 1218 2603 1302 aperit
2631 1216 2902 1302 januam;
2948 1236 3066 1277 non

983 1327 1175 1403 potest
1203 1339 1447 1402 sponsus
1471 1318 1692 1380 intrare
1724 1316 2042 1380 thalamum
2074 1318 2315 1402 virginis
2343 1338 2460 1380 non
2492 1317 2899 1402 desponsatae,
2925 1315 3076 1379 haec

982 1418 1236 1484 occludit
1264 1420 1535 1501 januam,
1590 1428 1648 1480 et
1685 1419 1906 1481 clavem
1949 1420 2103 1483 intus
2142 1418 2295 1505 apud
2336 1439 2396 1481 se
2437 1417 2717 1489 custodit,
2770 1417 2869 1480 sed
2914 1426 3072 1501 post-

984 1540 1159 1607 quam
1200 1520 1367 1605 virgo
1406 1540 1614 1606 sponsa
1658 1517 1813 1583 facta
1855 1529 1975 1596 est,
2027 1522 2126 1581 dat
2167 1521 2391 1582 clavem
2434 1541 2665 1604 sponso.
2750 1518 2909 1581 Deus
2952 1538 3073 1581 non

983 1621 1175 1709 potuit
1227 1643 1296 1683 ex
1346 1641 1448 1684 sna
1503 1620 1945 1705 omnipotentia
2003 1620 2292 1684 redimere
2341 1619 2638 1689 homines.
2707 1620 2813 1681 nisi
2870 1619 3070 1683 Homo

982 1721 1172 1786 factus
1208 1724 1320 1791 sit;
1377 1742 1482 1783 nec
1524 1723 1711 1808 potuit
1760 1721 2101 1785 Humanum
2144 1744 2311 1785 suum
2359 1721 2638 1785 Divinum
2682 1720 2909 1795 facere,
2964 1719 3074 1782 nisi

983 1824 1327 1887 Humanum
1379 1822 1562 1908 Ipsius
1607 1823 1856 1909 primum
1904 1833 2052 1886 esset
2089 1823 2240 1887 sicut
2286 1821 2628 1886 Humanum
2678 1821 2946 1895 infantis,
3014 1829 3074 1882 et

985 1934 1183 2009 postea
1211 1925 1360 1989 sicut
1391 1924 1733 1987 Humanum
1766 1924 1963 2011 pueri,
2015 1933 2072 1987 et
2102 1925 2206 1989 nisi
2238 1923 2581 1987 Humanum
2612 1932 2811 2010 postea
2850 1922 3076 1986 forma-

982 2036 1072 2089 ret
1102 2047 1162 2090 se
1191 2027 1248 2087 in
1278 2025 1708 2110 receptaculum
1740 2034 1795 2088 et
1825 2025 2245 2099 habitaculum,
2280 2025 2335 2087 in
2366 2025 2522 2110 quod
2553 2023 2734 2087 Pater
2771 2023 2960 2108 Ipsius
2989 2024 3076 2086 in·

980 2134 1195 2200 staret,
1249 2127 1403 2210 qnod
1433 2124 1649 2188 facturn
1680 2134 1763 2190 est
1794 2148 1897 2215 per
1925 2127 2080 2213 quod
2109 2127 2435 2212 impleverit
2468 2127 2662 2188 omnia
2695 2125 2908 2200 Verbi,
2956 2122 3076 2187 boc

984 2235 1102 2302 est,
1154 2246 1356 2290 omnes
1383 2226 1538 2310 leges
1567 2226 1789 2290 ordinis
1813 2228 1925 2300 ibi,
1978 2237 2035 2289 et
2066 2236 2344 2312 quantum
2376 2226 2487 2290 hoc
2516 2224 2789 2310 perfecit,
2840 2234 3073 2289 tanturn

982 2327 1060 2393 Se
1093 2325 1278 2391 univit
1307 2327 1505 2402 Patri,
1557 2338 1611 2390 et
1638 2327 1716 2393 Se
1743 2328 1921 2393 Pater
1950 2327 2079 2414 lpsi.
2159 2327 2274 2393 Sed
2318 2327 2463 2392 haec
2498 2338 2630 2391 sunt
2674 2348 2889 2415 pauca,
2941 2325 3078 2390 illu-

979 2430 1281 2494 strationis
1320 2451 1493 2494 causa
1536 2430 1821 2506 adducta,
1876 2440 1935 2493 ut
1980 2431 2254 2505 videatis,
2307 2429 2463 2516 quod
2495 2430 2940 2515 omnipotentia
2970 2427 3079 2491 Di·

979 2531 1116 2593 vina
1145 2531 1217 2595 sit
1246 2532 1304 2593 in
1334 2531 1572 2606 ordine,
1626 2552 1695 2596 ac
1724 2531 1982 2618 regimen
2014 2530 2234 2616 Ipsius,
2279 2531 2436 2616 quo'd
2470 2540 2719 2594 vocatur
2745 2529 3080 2595 Providen-

980 2632 1093 2707 tia,
1143 2633 1217 2698 sit
1241 2632 1562 2696 secundum
1594 2633 1911 2703 Ordinem.
1968 2642 2024 2694 et
2055 2631 2212 2719 quod
2244 2641 2379 2716 agat
2409 2632 2682 2695 continue
2712 2641 2768 2694 et
2795 2632 2853 2693 in
2884 2640 3082 2693 aeter·

981 2755 1120 2797 num
1147 2734 1465 2798 secundum
1498 2734 1653 2818 leges
1683 2733 1923 2798 Ordinis
1948 2734 2067 2809 sni,
2121 2743 2177 2797 et
2210 2734 2367 2819 quod
2399 2741 2603 2796 contra
2634 2732 2758 2795 illas
2800 2739 3083 2819 nequeat,

980 2856 1089 2897 nec
1116 2835 1244 2899 illas
1271 2835 1464 2922 quoad
1495 2836 1721 2922 apicem
1765 2846 2025 2908 mutare,
2080 2837 2214 2921 quia
2258 2834 2425 2898 Ordo
2470 2855 2599 2896 cum
2643 2833 2915 2896 omnibus
2954 2833 3089 2918 ejus

980 2935 1204 3022 legibus
1230 2945 1315 2999 est
1346 2936 1489 3022 Ipse.
1576 2936 1687 3001 His
1714 2937 1880 2999 dictis
1908 2936 2185 3023 splendor
2225 2935 2367 2999 lucis
2409 2935 2465 2996 in
2508 2935 2708 2998 colore
2748 2933 2929 2998 aureo'
2971 2953 3087 3019 pet

981 3045 1196 3100 tectum
1230 3035 1490 3112 influxit,
1531 3048 1587 3100 et
1615 3038 1907 3101 cherubos
1937 3037 2204 3102 volantes
2232 3037 2510 3101 formavit
2538 3036 2593 3098 in
2624 3041 2792 3111 a‘ere,
2845 3046 2901 3099 et
2928 3033 3088 3099 ruti·

981 3137 1098 3200 lum
1128 3139 1260 3201 inde
1299 3137 1611 3201 illustravit
1642 3139 2010 3223 quorundam
2054 3148 2316 3224 tempora
2360 3159 2393 3200 a
2435 3148 2598 3219 parte
2639 3136 2922 3223 occipitii,
2974 3135 3089 3199 sed

983 3239 1238 3302 nondum
1285 3261 1317 3302 a
1361 3249 1526 3323 parte
1569 3237 1949 3324 frontispicii,
2005 3239 2451 3301 murmurabant
2491 3239 2680 3311 enim,
2736 3238 3095 3324 ignoramus

983 3340 1172 3404 adhuc
1203 3341 1341 3426 quid
1371 3339 1847 3423 Omnipotentia;
1902 3346 1957 3399 et
1990 3338 2136 3411 dixi,
2189 3338 2548 3402 revelabitur
2590 3340 2719 3413 illa,
2766 3349 3091 3425 postquam

981 3439 1264 3505 hactenus
1292 3442 1444 3504 dicta
1475 3440 1626 3526 apud
1657 3461 1763 3502 vos
1790 3439 2045 3522 aliquam
2078 3439 2261 3502 lucem
2291 3438 2593 3503 faenerata
2621 3449 2772 3503 sunt.

1142 3546 1239 3604 74.
1297 3543 1600 3606 ΤΕιιτιυΜ
1630 3539 2067 3603 Memoriana.
2151 3540 2277 3603 Vidi
2306 3563 2338 3601 e
2369 3540 2689 3626 longinquo
2721 3541 2912 3627 plures
2940 3560 3095 3604 con-

981 3652 1268 3730 gregatos
1306 3665 1437 3705 curn
1481 3640 1643 3725 pileis
1682 3661 1856 3726 super
1898 3642 2211 3727 capitibus,
2267 3642 2552 3727 quosdam
2591 3663 2721 3703 cum
2764 3640 2926 3728 pileis
2966 3641 3099 3704 cir-

981 3742 1323 3806 cumcinctis
1349 3744 1538 3806 serico
1556 3790 1571 3816 ‚
1623 3740 1721 3826 qui
1752 3762 1827 3818 ex
1850 3743 2073 3806 Ordine
2097 3743 2508 3807 Ecclesiastico
2534 3750 2741 3816 erant,
2793 3743 3101 3827 quosdam

985 3865 1119 3907 curn
1151 3842 1313 3929 pileis
1351 3863 1602 3929 quorum
1632 3841 1842 3906 limbos
1870 3844 2163 3932 ornabant
2192 3843 2408 3907 fasciae
2436 3865 2683 3917 aureae,
2736 3843 2836 3928 qui
2863 3865 2933 3906 ex
2963 3843 3103 3907 Or·

985 3945 1124 4009 dine
1171 3941 1338 4006 Civili
1379 3953 1578 4017 erant,
1635 3965 1837 4007 omnes
1875 3944 1933 4007 hi
1976 3937 2130 4008 docti
2177 3952 2234 4006 et
2280 3945 2521 4017 eruditi,
2577 3954 2633 4007 et
2679 3944 2916 4032 insuper
2961 3943 3106 4007 vidi

982 4043 1267 4133 quosdam
1298 4066 1428 4108 cum
1457 4044 1650 4119 tiaris,
1709 4045 1807 4132 qui
1835 4055 2004 4109 erant
2032 4044 2285 4118 indocti;
2339 4045 2587 4121 accessi,
2639 4054 2696 4109 et
2723 4042 2923 4108 audivi
2951 4043 3107 4109 illos

983 4145 1138 4206 inter
1169 4164 1232 4206 se
1257 4144 1568 4230 loquentes
1595 4146 1667 4209 de
1697 4145 1915 4209 Divina
1942 4145 2219 4210 Potentia
2247 4145 2565 4220 illimitata,
2604 4154 2661 4208 et
2694 4145 2853 4230 quod
2893 4144 2941 4208 si
2980 4143 3105 4208 illa

990 4240 1444 4328 progrederetur
1468 4244 1788 4308 secundum
1818 4246 2043 4331 aliquas
2080 4244 2239 4330 leges
2267 4266 2419 4331 quae
2453 4242 2643 4309 factae
2678 4254 2813 4310 sunt
2842 4243 3113 4321 ordiniS,

992 4362 1113 4404 non
1141 4340 1423 4408 illimitata
1452 4343 1551 4409 sed
1581 4343 1828 4408 limitata
1861 4344 2044 4420 foret,
2102 4354 2156 4408 et
2196 4345 2278 4408 sic
2325 4345 2585 4439 potentia
2623 4354 2679 4408 et
2720 4368 2835 4435 non
2881 4345 3119 4409 Omni-
