3309 4775
810 366 851 415 1.
936 366 1159 418 unus
1202 367 1645 418 cni-:Aron
1695 397 1758 407 -
1806 366 2224 432 esterno.
2494 380 2564 428 95

464 521 779 600 eyolvere,
831 530 887 583 et
915 520 972 581 in
1003 520 1196 606 aliqua
1238 522 1366 583 lnce
1403 520 1603 584 videre
1645 520 2021 591 Creationetn
2066 520 2366 605 quomodo
2410 520 2566 587 facta

467 633 586 694 est;
643 632 1002 707 quapropter
1030 623 1406 684 evocavimus
1435 632 1491 682 te
1519 644 1551 684 e
1583 623 1714 685 loco
1745 622 1844 684 ubi
1874 642 2037 697 eras,
2084 631 2146 684 nt
2174 623 2246 684 de
2276 620 2374 685 illa
2404 630 2564 686 tuam

468 722 906 786 meditationem
956 743 1286 805 expromas.
1373 723 1480 786 His
1527 723 1776 796 auditis,
1830 722 2134 808 respondi,
2187 743 2562 808 expromant;

466 834 525 887 et
552 824 700 899 dixi,
754 823 824 885 de
856 821 970 886 hoc
1011 823 1107 884 diu
1151 824 1461 887 meditatus
1499 847 1663 898 sunt,
1714 825 1813 888 sed
1859 823 1916 885 in
1962 844 2208 892 vanum,
2263 836 2319 886 at
2364 835 2565 911 postea

467 947 598 988 cum
628 947 661 987 a
691 924 949 988 Domino
982 924 1346 988 intromissus
1385 947 1511 988 sum
1561 927 1616 986 in
1670 936 1924 988 vestrum
1956 924 2276 997 Mundum,
2332 925 2565 1012 percepi

470 1026 627 1113 qnod
672 1047 888 1088 vanum
935 1035 1084 1090 esset
1132 1023 1350 1111 aliquid
1395 1026 1466 1087 de
1508 1026 1823 1089 Creatione
1870 1024 2149 1090 Universi
2198 1026 2569 1103 concludere,

473 1128 577 1190 nisi
610 1128 768 1215 prius
792 1126 1043 1200 sciatur,
1098 1127 1255 1210 quod
1292 1129 1407 1188 duo
1442 1127 1649 1190 Mundi
1693 1128 1839 1201 sint,
1891 1126 2058 1190 Unus
2100 1127 2157 1188 in
2199 1149 2318 1212 quo
2363 1124 2571 1212 Angeli

469 1240 643 1303 sunt,
697 1237 752 1289 et
783 1228 930 1290 alter
956 1228 1009 1289 in
1040 1250 1159 1312 quo
1190 1227 1484 1301 homines,
1536 1244 1591 1290 et
1625 1228 1781 1313 quod
1814 1226 1871 1289 hi
1902 1249 2006 1314 per
2035 1237 2284 1290 mortem
2315 1249 2346 1288 e
2375 1251 2481 1289 suo
2510 1228 2570 1290 in

474 1330 723 1393 alterum
757 1328 1201 1399 transcendant3
1256 1338 1313 1390 et
1360 1337 1500 1390 tunc
1543 1331 1719 1392 etiam
1764 1329 1878 1390 vidi
1920 1328 2079 1413 quod
2125 1329 2240 1390 duo
2281 1326 2448 1391 Soles
2474 1349 2567 1391 es-

470 1439 631 1504 sent,
684 1451 832 1491 unus
859 1451 930 1492 ex
957 1451 1073 1514 quo
1103 1429 1298 1491 omnia
1327 1428 1666 1513 spiritualia
1697 1427 2031 1516 profluunt,
2085 1440 2142 1490 et
2172 1429 2320 1491 alter
2346 1451 2416 1491 ex
2445 1450 2564 1515 quo

470 1531 668 1593 omnia
697 1529 1046 1604 Naturalia,
1097 1539 1154 1591 et
1189 1530 1343 1615 quod
1376 1528 1512 1605 Sol,
1566 1553 1634 1593 ex
1674 1552 1790 1616 quo
1833 1531 2029 1592 omnia
2067 1527 2388 1616 spiritualia
2431 1552 2564 1616 pro·

468 1627 693 1703 fluunt,
724 1633 814 1691 ‘sit
846 1652 1024 1715 purus
1052 1629 1236 1694 Amor
1266 1652 1296 1693 a
1326 1629 1602 1694 Jehovah
1632 1631 1762 1695 Deo
1782 1683 1795 1703 ‚
1850 1631 1965 1710 Qui
2000 1630 2058 1692 in
2089 1630 2281 1693 medio
2309 1631 2434 1713 ejus
2460 1639 2566 1705 est,

466 1741 526 1794 et
557 1733 710 1818 quod
741 1732 873 1803 Sol,
915 1752 987 1792 ex
1017 1753 1136 1815 qno
1164 1732 1362 1803 omnia,
1389 1733 1679 1795 naturalia
1713 1730 2042 1819 profluunt,
2074 1732 2150 1793 ⁴sit
2182 1753 2360 1816 purus
2388 1731 2561 1815 lgnis.

467 1833 585 1896 His
614 1832 895 1918 ⁵cognitis,
950 1833 1245 1919 quondam
1290 1854 1421 1894 cum
1463 1833 1523 1894 in
1564 1832 1954 1897 illustratione
1990 1854 2184 1905 eram,
2238 1833 2436 1893 datum
2478 1841 2565 1895 est

465 1934 803 2020 percipere,
857 1934 1014 2017 quod
1065 1954 1098 1996 a
1144 1931 1588 2014 Jehovah'Deo
1637 1956 1740 2020 per
1780 1933 2009 2009 Solem,
2057 1934 2119 1995 *in
2160 1933 2325 2014 cujus
2370 1933 2561 1996 medio

463 2045 590 2110 est,
644 2035 1001 2099 Universum
1036 2045 1295 2098 creatum
1328 2035 1431 2107 sit;
1485 2047 1540 2097 et
1571 2038 1706 2121 quia
1751 2034 1936 2098 Amor
1966 2057 2079 2097 non
2111 2033 2319 2099 dabilis
2346 2044 2432 2098 est
2458 2036 2567 2099 nisi

467 2157 592 2198 una
639 2158 768 2198 cum
799 2136 1130 2219 Sapientia,
1186 2137 1340 2222 quod
1381 2156 1413 2199 a
1458 2135 1735 2200 Jehovah
1774 2136 1903 2200 Deo
1942 2157 2012 2198 ex
2056 2157 2160 2200 suo
2198 2134 2415 2199 Amore
2462 2156 2568 2223 per

462 2259 642 2300 suam
673 2235 1031 2323 Sapientiam
1064 2237 1417 2300 Universum
1449 2247 1711 2300 creatum
1739 2238 1843 2309 sit;
1887 2238 2044 2324 quod
2072 2238 2150 2299 ita
2177 2237 2277 2311 sit,
2324 2236 2567 2301 convin-

461 2348 615 2404 cunt
650 2338 843 2403 omnia
873 2352 926 2400 et
955 2338 1214 2425 singula,
1265 2360 1417 2423 quae
1449 2338 1565 2402 vidi
1594 2338 1651 2400 in
1682 2337 1937 2412 Mundo,
1993 2338 2091 2402 ubi
2140 2358 2244 2401 vos
2283 2338 2452 2413 esti8‚
2503 2348 2562 2402 et

460 2462 623 2526 quae
659 2440 775 2503 vidi
804 2440 862 2503 in
890 2441 1147 2515 Mundo,
1200 2442 1257 2501 in
1289 2463 1406 2524 quo
1438 2459 1548 2525 ego
1589 2460 1838 2526 corpore
1876 2462 2020 2503 sum.
2104 2439 2418 2518 Quomodo
2460 2460 2566 2502 au-

462 2553 589 2605 tem
626 2564 657 2603 a
690 2541 1013 2628 primordio
1039 2562 1143 2604 suo
1175 2541 1502 2626 progressio
1532 2540 1862 2604 Creationis
1888 2539 2044 2604 facta
2072 2549 2156 2603 est
2175 2586 2192 2614 ,
2238 2541 2409 2603 nimis
2436 2561 2569 2627 pro·

466 2642 656 2706 lixum
688 2649 773 2705 est
803 2663 1125 2728 exponere3
1170 2644 1270 2705 sed
1304 2663 1435 2703 cum
1465 2642 1521 2703 in
1549 2641 1938 2705 illustratione
1969 2641 2073 2716 fui,
2116 2640 2367 2728 pert-epi,
2411 2640 2567 2725 quod

460 2743 680 2812 mediis
709 2743 864 2805 Luce
894 2750 950 2804 et
977 2743 1188 2807 Calore
1217 2765 1283 2805 ex
1313 2742 1448 2805 Sole
1494 2743 1671 2806 vestri
1701 2742 1908 2808 Mundi
1951 2750 2183 2805 creatae
2222 2741 2339 2804 sint
2382 2750 2572 2803 atmo-

460 2842 762 2931 sphaerae
788 2842 1148 2929 spiritualeS,
1203 2843 1440 2927 quaein
1469 2854 1693 2907 sesunt
1720 2843 2162 2916 substantiales,
2219 2861 2332 2903 una
2373 2862 2443 2903 ex
2490 2842 2573 2904 al·

461 2954 633 3016 tera;
689 2966 842 3030 quae
888 2944 1023 3029 quia
1070 2953 1189 3007 tres
1229 2957 1399 3015 sunt,
1456 2952 1512 3005 et
1541 2943 1678 3006 inde
1723 2953 1841 3007 tres
1885 2944 2104 3028 gradus
2148 2962 2389 3018 earum,
2446 2953 2567 3005 tres

465 3044 638 3110 Caeli
668 3043 806 3107 facti
837 3055 1011 3119 sunt,
1063 3067 1240 3109 unum
1273 3066 1376 3129 pro
1405 3045 1644 3129 Angelis
1672 3045 1769 3129 qui
1799 3044 1856 3106 in
1887 3065 2161 3131 supremo
2192 3043 2378 3128 gradu
2404 3064 2568 3107 amo·

464 3148 555 3210 ris
582 3155 640 3208 et
668 3146 988 3233 sapientiae
1016 3155 1180 3220 sunt,
1235 3145 1482 3209 alterum
1515 3167 1620 3230 pro
1647 3129 1886 3230 Angelis
1927 3146 2022 3228 qui
2056 3145 2112 3206 in
2146 3143 2404 3207 secundo
2435 3165 2568 3229 gra-

465 3249 583 3323 du,
621 3255 678 3309 et
713 3248 954 3311 tertium
988 3269 1092 3335 pro
1122 3245 1361 3331 Angelis
1387 3249 1484 3332 qui
1525 3247 1579 3305 in
1614 3245 1817 3309 ultimo
1846 3247 2049 3330 gradu.
2103 3243 2218 3307 Sed
2253 3245 2387 3329 quia
2423 3245 2569 3309 Uni-

470 3347 710 3414 versum
740 3347 852 3410 hoc
879 3348 1324 3433 spiritualenon
1359 3356 1545 3432 potest
1587 3347 1831 3411 existere
1874 3349 2094 3432 absque
2124 3344 2418 3410 Universo
2465 3366 2569 3410 na·

459 3448 667 3520 turali,
700 3449 756 3510 in
789 3472 905 3534 quo
932 3449 1075 3511 illud
1105 3459 1306 3533 ageret
1334 3469 1471 3511 suos
1498 3445 1737 3512 effectus
1766 3457 1823 3510 et
1853 3469 2007 3525 usus,
2037 3447 2191 3534 quod
2221 3446 2391 3511 simul
2425 3457 2565 3511 tunc

465 3549 606 3625 Sol,
661 3571 731 3612 ex
773 3572 889 3634 quo
934 3551 1128 3614 omnia
1167 3549 1479 3613 'Naturalia
1524 3549 1877 3633 procedunt,
1933 3557 2163 3611 creatus
2206 3547 2308 3623 sit,
2362 3557 2419 3612 et
2461 3569 2568 3635 per

460 3649 630 3714 hunc
657 3649 954 3727 similiter,
1008 3651 1210 3714 mediis
1246 3652 1374 3714 luce
1418 3661 1477 3712 et
1518 3649 1751 3724 calore,
1803 3660 1921 3713 tres
1962 3647 2410 3736 atmospbaerae
2441 3670 2565 3712 am·

461 3750 698 3814 bientes
753 3753 978 3836 priores
1031 3751 1157 3814 illas
1179 3800 1194 3827 ,
1246 3751 1397 3815 sicut
1454 3752 1753 3834 putamina
1808 3751 2077 3827 nucleos,
2150 3758 2247 3812 aut
2304 3750 2569 3839 philyrae

461 3851 626 3939 ligna
649 3902 664 3928 ,
718 3862 775 3914 et
804 3854 1038 3916 tandem
1072 3874 1174 3938 per
1202 3853 1305 3916 has
1331 3852 1511 3916 Orbis
1544 3861 1890 3937 terraqueus
1911 3900 1927 3927 ,
1983 3852 2083 3914 ubi
2114 3850 2411 3926 homines,
2466 3853 2567 3915 be·

459 3954 646 4026 stiae,
704 3954 917 4037 pisces,
971 3963 1091 4016 tum
1123 3953 1401 4027 arbores,
1452 3951 1691 4017 frutices
1717 3964 1775 4016 et
1805 3951 2063 4027 herbae,
2118 3973 2185 4013 ex
2215 3952 2390 4015 terris
2416 3972 2569 4037 quae

460 4074 541 4116 ex
572 4050 795 4128 humis,
848 4054 1140 4169 lapidibus
1164 4063 1220 4116 et
1250 4053 1488 4117 mineris
1531 4055 1873 4118 consistunt.
1954 4051 2058 4117 Ast
2101 4051 2250 4115 haec
2288 4060 2376 4115 est
2420 4051 2571 4114 scia·-

463 4135 714 4241 graphia
747 4156 1215 4219 communissima
1246 4153 1573 4219 Creationis
1602 4165 1660 4217 et
1687 4156 1833 4241 ejus
1842 4153 2296 4243 progressionis,
2349 4160 2409 4213 at
2436 4171 2572 4235 par·

458 4254 735 4319 ticularia
765 4266 823 4319 et
850 4256 1170 4344 singularia
1213 4276 1334 4320 non
1376 4266 1616 4343 possunt
1659 4255 1902 4344 exponi,
1957 4254 2065 4320 nisi
2105 4273 2211 4339 per
2251 4250 2570 4317 Volumina
