3309 4775
713 386 753 434 l.
838 383 1065 436 DEUS
1108 382 1549 438 GREATOR.
1599 412 1661 422 -—
1723 382 1870 434 DEI
1911 381 2381 437 -ESSENT1A.
2529 397 2590 443 51

502 540 614 612 tia,
658 548 713 600 et
743 538 879 623 quia
909 560 979 600 ex
1011 536 1145 623 Ipso
1173 536 1326 599 sacta
1356 546 1490 600 sunt
1520 537 1717 600 omnia
1748 558 1900 621 quae
1932 535 2085 601 sacta
2113 547 2279 612 sunt,
2315 537 2604 624 sequitur,

503 639 661 725 quod
696 638 1052 703 Universum
1089 660 1219 701 cum
1262 638 1535 703 omnibus
1574 648 1632 701 et
1679 638 1923 721 singulis
1961 638 2087 723 ejus
2127 660 2197 701 ex
2235 635 2457 703 Amore
2500 660 2602 727 per

504 740 861 825 Sapientiam
910 740 1235 813 creaverit,
1290 749 1348 802 et
1393 740 1551 825 quod
1593 739 1730 802 inde
1778 738 2029 803 Divinus
2075 740 2261 806 Amor
2305 761 2421 803 una
2470 762 2600 804 cum

506 841 720 905 Divina
748 840 1048 928 Sapientia
1077 841 1135 902 in
1163 842 1436 904 omnibus
1463 850 1520 905 et
1545 841 1797 924 singulis·
1814 840 2092 923 subjectis
2122 840 2331 905 creatis
2355 841 2459 904 sit:
2515 851 2601 906 est

507 964 740 1028 quoque
770 941 990 1017 Amor,
1045 964 1161 1005 non
1208 942 1382 1005 modo
1412 942 1679 1005 Essentia
1708 940 1972 1005 sannaus
2004 945 2234 1018 omnia,
2285 940 2387 1005 sed
2425 942 2603 1005 etiam

507 1045 715 1107 uniens
758 1052 814 1105 et
862 1044 1222 1129 conjungens
1262 1044 1393 1115 illa,
1446 1053 1501 1104 et
1546 1042 1632 1106 sic
1679 1044 1986 1107 continens
2032 1042 2284 1107 formata
2330 1042 2390 1105 in
2428 1065 2601 1107 nexu.

512 1145 680 1208 Haec
707 1143 981 1207 illustrari
1012 1154 1252 1230 possunt
1294 1166 1398 1231 per
1429 1143 1881 1209 innumerabilia
1910 1144 1969 1206 in
2001 1140 2258 1215 Mundo;
2311 1143 2462 1208 sicut
2503 1165 2608 1230 per

510 1245 817 1308 Csnonl-:M
843 1257 898 1305 et
929 1245 1149 1309 Luci-:nr
1176 1270 1207 1306 e
1235 1245 1404 1319 Sole,
1461 1235 1612 1331 quae
1651 1254 1788 1307 sunt
1830 1244 1946 1307 duo
1976 1245 2321 1309 Essentialia
2366 1254 2424 1308 et
2458 1245 2606 1309 Uni·

516 1345 790 1418 versalia,
848 1367 950 1432 per
984 1366 1135 1431 quae
1174 1368 1352 1433 super
1378 1346 1616 1410 Tellure
1660 1348 1858 1409 omnia
1900 1356 1960 1408 et
1996 1346 2226 1430 singula
2265 1346 2520 1409 existunt
2549 1357 2609 1409 et

505 1446 858 1516 subsistunt;
912 1445 1059 1508 haec
1100 1446 1179 1509 ibi
1221 1456 1385 1521 sunt,
1439 1448 1576 1533 quia
1603 1447 1823 1510 Divino
1863 1443 2070 1510 Amori
2111 1457 2171 1508 et
2206 1446 2460 1511 Divinae
2497 1447 2606 1511 Sa·

504 1547 762 1631 pientiae
789 1549 1278 1635 correspondent,
1325 1547 1503 1611 Calor
1543 1548 1740 1621 enim,
1794 1548 1891 1633 qui
1936 1572 1967 1611 e
2008 1547 2146 1612 Sole
2186 1549 2393 1612 Mundi
2436 1548 2607 1633 spiri-

504 1646 679 1710 tualis
720 1647 1014 1734 procedit,
1066 1649 1123 1710 in
1166 1671 1270 1712 sua
1299 1650 1549 1712 essentia
1579 1658 1665 1713 est
1691 1646 1911 1722 Amor,
1957 1659 2014 1714 et
2059 1649 2184 1712 Lux
2224 1647 2360 1712 inde
2402 1649 2460 1713 in
2498 1669 2603 1714 sua

503 1751 758 1813 essentia
800 1758 884 1812 est
922 1749 1237 1835 Sapientia.
1313 1750 1597 1814 lllustrari
1639 1750 1816 1813 etiam
1861 1749 2012 1813 haec
2057 1759 2298 1837 possunt
2337 1771 2443 1836 per
2484 1748 2606 1815 duo

498 1849 835 1914 essentialia
867 1859 926 1912 et
968 1851 1353 1927 universalia,
1408 1873 1512 1939 per
1550 1873 1704 1937 quae
1746 1852 1979 1916 Mentes
2022 1851 2314 1917 humanae
2353 1852 2608 1916 existunt

496 1959 560 2015 et
586 1951 931 2025 subsistunt,
970 1970 1120 2035 (quiae
1145 1963 1280 2015 suut
1309 1954 1730 2017 VoLmsTAs·et
1761 1952 2202 2024 ΙΝτΕιιΕοΤυες
2244 1974 2316 2016 ex
2342 1950 2433 2017 his
2458 1951 2607 2016 duo-

500 2053 614 2115 bus
643 2052 801 2114 enim
831 2052 1086 2137 cujusvis
1116 2054 1283 2118 Mens
1312 2054 1601 2122 consistit:
1657 2063 1716 2117 et
1745 2054 1841 2117 illa
1872 2053 1989 2117 duo
2019 2056 2076 2115 in
2105 2054 2379 2117 omnibus
2403 2061 2464 2116 et
2489 2055 2607 2118 sin·

497 2151 659 2238 gulis
688 2154 814 2239 ejus
844 2162 976 2217 sunt
1002 2164 1062 2216 et
1095 2165 1447 2241 operantum
1501 2177 1677 2219 causa
1722 2163 1841 2227 est,
1896 2157 2031 2241 quia
2060 2155 2348 2221 Voluntas
2386 2165 2475 2219 est
2514 2176 2607 2218 re·

493 2254 877 2339 ‹teptaculum
923 2266 983 2316 et
1022 2254 1419 2319 babitaculum
1468 2257 1717 2330 amoris,
1773 2280 1842 2318 ac
1895 2255 2235 2322 Intellectus
2282 2256 2605 2344 sapientiae

484 2356 796 2428 similiten
849 2368 1212 2445 quapropter
1250 2357 1366 2422 duo
1410 2357 1506 2420 illa
1550 2360 2011 2445 correspondent
2042 2357 2259 2422 Divino
2290 2357 2505 2424 Amori
2544 2366 2603 2422 et

487 2458 766 2522 Divinae
789 2457 1146 2544 Sapientiae,
1163 2480 1232 2520 ex
1261 2460 1474 2546 quibus
1500 2461 1811 2545 originitus
1837 2470 1988 2526 sunt.
2056 2460 2247 2525 Porro
2275 2460 2481 2523 eadem
2508 2458 2606 2522 illa

481 2557 786 2625 illustrari
816 2571 1055 2645 possunt
1083 2582 1187 2646 per
1215 2562 1332 2624 duo
1360 2561 1703 2626 Essentialia
1746 2572 1804 2623 et
1846 2561 2255 2635 Universalia,
2310 2581 2414 2646 per
2455 2579 2607 2644 quae

481 2659 774 2747 Corpora
803 2657 1059 2724 humana
1087 2662 1338 2727 existunt
1365 2671 1425 2726 et
1451 2662 1805 2732 subsistunt,
1854 2683 2007 2748 quae
2035 2671 2170 2724 sunt
2197 2660 2333 2726 Con
2360 2669 2419 2723 et
2448 2661 2610 2724 Pur,-

477 2782 587 2825 Μο
607 2809 624 2836 ,
666 2780 782 2824 seu
807 2761 1027 2848 systole
1051 2770 1109 2826 et
1136 2763 1379 2827 diastole
1409 2763 1621 2838 cordis,
1661 2784 1731 2826 ac
1761 2761 2069 2849 respiratio
2100 2762 2409 2845 pulmonis,
2449 2760 2609 2845 quod

480 2862 648 2927 baec
682 2860 807 2923 duo
837 2872 1155 2945 operentur
1184 2863 1240 2924 iu
1270 2864 1543 2928 omnibus
1569 2873 1627 2925 et
1655 2863 1897 2947 singulis
1923 2862 2023 2936 ibi,
2061 2871 2265 2925 notum
2295 2870 2403 2936 est,
2432 2882 2608 2925 causa

479 2971 596 3036 est,
635 2962 785 3047 quia
813 2959 934 3024 Cor
953 2965 1604 3050 correspondetamori,
1623 2973 1682 3025 et
1701 2963 1913 3028 Pulmo
1934 2962 2273 3047 sapientiae,
2301 2983 2450 3049 quae
2465 2962 2611 3026 Cor-

479 3063 927 3149 respondentia
955 3063 1013 3126 in
1041 3063 1381 3129 Summus
1408 3064 1728 3130 Ancech
1757 3085 1839 3128 ΒΕ
1867 3065 2108 3131 Durum
2134 3063 2366 3128 Amonss
2391 3084 2468 3126 m·
2493 3062 2608 3126 Dr-

477 3186 653 3230 va
706 3163 1084 3242 sirmeum,
1137 3165 1562 3229 Amstelodami
1619 3165 1929 3251 evulgata,
1984 3163 2150 3250 plene
2204 3164 2604 3251 demonstrata

477 3276 594 3330 est.
678 3264 866 3343 Quod
895 3264 1083 3329 Amor
1108 3269 1257 3331 sicut
1287 3289 1533 3354 sponsus
1561 3276 1620 3329 et
1647 3269 1892 3330 maritus
1921 3266 2208 3353 producat
2235 3286 2338 3330 seu
2364 3274 2611 3350 generet

408 3424 411 3429 Α
474 3389 711 3431 omnes
746 3365 998 3442 formas,
1041 3369 1140 3431 sed
1172 3390 1277 3455 per
1303 3367 1647 3453 sapientiam
1687 3379 1750 3430 ut
1788 3388 2064 3454 sponsam
2106 3377 2165 3429 et
2206 3387 2480 3441 uxorem,
2535 3387 2607 3428 ex

467 3467 1036 3533 innumerabilibus
1065 3471 1121 3532 in
1152 3479 1402 3554 utroque
1428 3470 1676 3544 Mundo,
1717 3468 2015 3554 Spirituali
2048 3477 2108 3531 et
2133 3467 2426 3542 Naturali,
2469 3486 2608 3530 con-

473 3572 652 3634 vinci
709 3578 936 3652 potest:
991 3567 1106 3632 hoc
1148 3570 1335 3634 solum
1385 3570 1826 3634 memorandum
1876 3578 1994 3644 est,
2049 3570 2205 3655 quod
2250 3568 2607 3632 Universum

471 3670 752 3733 Caelum
784 3668 1126 3754 Angelicum
1158 3671 1499 3757 disponatur
1524 3673 1581 3733 in
1609 3693 1775 3734 suam
1807 3669 2094 3745 formam,
2147 3681 2206 3734 et
2235 3670 2609 3733 contineatur

467 3775 536 3835 in
585 3771 734 3840 illa,
795 3790 865 3832 ex
906 3771 1125 3835 Divino
1168 3771 1389 3837 Amore
1430 3795 1534 3859 per
1575 3773 1852 3836 Divinam
1893 3771 2253 3856 Sapientiam
2272 3776 2293 3832 ε’
2338 3769 2453 3845 illi,
2508 3768 2607 3855 qui

462 3875 742 3939 aliunde
788 3890 961 3955 quam
1000 3894 1071 3935 ex
1105 3874 1319 3936 Divino
1346 3873 1567 3937 Amore
1611 3894 1714 3960 per
1744 3873 2018 3936 Divinam
2058 3871 2454 3960 Sapientiam,
2507 3870 2609 3933 de-

463 3978 724 4041 ducunt
759 3973 1120 4037 creationem
1150 3973 1389 4049 Mundi,
1441 3984 1501 4038 et
1528 3996 1647 4037 non
1676 3974 1864 4038 sciunt
1896 3973 2054 4060 quod
2093 3971 2210 4035 duo
2251 3971 2347 4036 illa
2389 3970 2610 4035 faciant

460 4076 791 4146 Divinam
838 4073 1200 4150 Essentiam‚
1252 4074 1332 4138 illi
1369 4074 1729 4139 descendunt
1768 4094 1800 4138 a
1845 4074 1971 4140 visu
2012 4075 2259 4138 rationis
2295 4072 2370 4137 ad
2419 4071 2607 4136 visum

458 4179 680 4254 oculi,
745 4183 815 4238 et
840 4174 1133 4240 Naturam
1166 4184 1230 4238 ut
1261 4176 1606 4240 creatricem
1638 4175 1916 4240 Universi
1948 4175 2321 4247 osculantur,
2373 4179 2433 4233 et
2474 4169 2610 4232 inde

455 4279 850 4369 concipiunt
876 4273 1236 4351 chimaeras,
1269 4285 1328 4339 et
1368 4276 1704 4366 parturiunt
1743 4275 1969 4349 larvas3
2025 4275 2289 4358 cogitant
2327 4267 2640 4336 fallacias‚'

996 4374 1002 4379 .
2070 4372 2127 4434 D
2155 4372 2193 4410 ἱ*
