<?xml version="1.0" encoding="UTF-8"?>
<!DOCTYPE html PUBLIC "-//W3C//DTD XHTML 1.0 Transitional//EN"
    "http://www.w3.org/TR/xhtml1/DTD/xhtml1-transitional.dtd">
<html xmlns="http://www.w3.org/1999/xhtml" xml:lang="en" lang="en">
 <head>
  <title>
</title>
<meta http-equiv="Content-Type" content="text/html;charset=utf-8" />
  <meta name='ocr-system' content='tesseract 3.04.00' />
  <meta name='ocr-capabilities' content='ocr_page ocr_carea ocr_par ocr_line ocrx_word'/>
</head>
<body>
  <div class='ocr_page' id='page_1' title='image "./verachristianar00tafegoog_0171.png"; bbox 0 0 3309 4775; ppageno 0'>
   <div class='ocr_carea' id='block_1_1' title="bbox 629 457 2700 524">
    <p class='ocr_par' dir='ltr' id='par_1_1' title="bbox 629 457 2700 524">
     <span class='ocr_line' id='line_1_1' title="bbox 629 457 2700 524; baseline 0.001 -12"><span class='ocrx_word' id='word_1_1' title='bbox 629 459 706 518; x_wconf 83' lang='lat'><strong>11.</strong></span> <span class='ocrx_word' id='word_1_2' title='bbox 750 457 1166 513; x_wconf 82' lang='lat' dir='ltr'><strong>DOMINUS</strong></span> <span class='ocrx_word' id='word_1_3' title='bbox 1210 458 1791 512; x_wconf 79' lang='lat' dir='ltr'>REDEMPTOR.</span> <span class='ocrx_word' id='word_1_4' title='bbox 1840 490 1904 500; x_wconf 90' lang='lat'>—</span> <span class='ocrx_word' id='word_1_5' title='bbox 1952 460 2512 514; x_wconf 72' lang='lat' dir='ltr'>REDEMPTIO.</span> <span class='ocrx_word' id='word_1_6' title='bbox 2598 475 2700 524; x_wconf 70' lang='lat'><strong>155</strong></span> 
     </span>
    </p>
   </div>
   <div class='ocr_carea' id='block_1_2' title="bbox 486 611 2794 4426">
    <p class='ocr_par' dir='ltr' id='par_1_2' title="bbox 486 611 2794 3823">
     <span class='ocr_line' id='line_1_2' title="bbox 595 611 2705 703; baseline 0.002 -26"><span class='ocrx_word' id='word_1_7' title='bbox 595 611 872 700; x_wconf 77' lang='lat' dir='ltr'>aggredi,</span> <span class='ocrx_word' id='word_1_8' title='bbox 924 612 1032 677; x_wconf 89' lang='lat' dir='ltr'><strong>nisi</strong></span> <span class='ocrx_word' id='word_1_9' title='bbox 1061 613 1465 701; x_wconf 75' lang='lat' dir='ltr'><strong>approximet,</strong></span> <span class='ocrx_word' id='word_1_10' title='bbox 1515 632 1588 693; x_wconf 75' lang='lat' dir='ltr'><strong>ac</strong></span> <span class='ocrx_word' id='word_1_11' title='bbox 1614 612 1936 698; x_wconf 76' lang='lat' dir='ltr'><strong>instructus</strong></span> <span class='ocrx_word' id='word_1_12' title='bbox 1964 613 2038 677; x_wconf 88' lang='lat' dir='ltr'><strong>sit</strong></span> <span class='ocrx_word' id='word_1_13' title='bbox 2076 613 2255 678; x_wconf 85' lang='lat' dir='ltr'><strong>armis</strong></span> <span class='ocrx_word' id='word_1_14' title='bbox 2294 613 2369 679; x_wconf 89' lang='lat' dir='ltr'><strong>ad</strong></span> <span class='ocrx_word' id='word_1_15' title='bbox 2410 635 2705 703; x_wconf 85' lang='lat' dir='ltr'><strong>pugnam:</strong></span> 
     </span>
     <span class='ocr_line' id='line_1_3' title="bbox 591 713 2704 805; baseline 0.002 -29"><span class='ocrx_word' id='word_1_16' title='bbox 591 723 697 776; x_wconf 86' lang='lat' dir='ltr'><strong>aut</strong></span> <span class='ocrx_word' id='word_1_17' title='bbox 725 713 856 798; x_wconf 89' lang='lat' dir='ltr'><strong>quis</strong></span> <span class='ocrx_word' id='word_1_18' title='bbox 882 722 1073 800; x_wconf 89' lang='lat' dir='ltr'><strong>potest</strong></span> <span class='ocrx_word' id='word_1_19' title='bbox 1106 714 1346 799; x_wconf 81' lang='lat' dir='ltr'><strong>abigere</strong></span> <span class='ocrx_word' id='word_1_20' title='bbox 1372 724 1431 778; x_wconf 88' lang='lat' dir='ltr'><strong>et</strong></span> <span class='ocrx_word' id='word_1_21' title='bbox 1472 713 1777 777; x_wconf 89' lang='lat' dir='ltr'><strong>destruere</strong></span> <span class='ocrx_word' id='word_1_22' title='bbox 1811 713 2133 791; x_wconf 76' lang='lat' dir='ltr'><strong>draconeS,</strong></span> <span class='ocrx_word' id='word_1_23' title='bbox 2188 714 2409 805; x_wconf 79' lang='lat' dir='ltr'><strong>hydras</strong></span> <span class='ocrx_word' id='word_1_24' title='bbox 2448 726 2508 779; x_wconf 88' lang='lat' dir='ltr'><strong>et</strong></span> <span class='ocrx_word' id='word_1_25' title='bbox 2549 716 2704 781; x_wconf 84' lang='lat' dir='ltr'><strong>basi-</strong></span> 
     </span>
     <span class='ocr_line' id='line_1_4' title="bbox 590 813 2704 905; baseline 0.003 -30"><span class='ocrx_word' id='word_1_26' title='bbox 590 813 764 878; x_wconf 89' lang='lat' dir='ltr'><strong>liscos</strong></span> <span class='ocrx_word' id='word_1_27' title='bbox 791 814 849 876; x_wconf 87' lang='lat' dir='ltr'><strong>in</strong></span> <span class='ocrx_word' id='word_1_28' title='bbox 878 813 1134 900; x_wconf 91' lang='lat' dir='ltr'><strong>quodam</strong></span> <span class='ocrx_word' id='word_1_29' title='bbox 1167 813 1400 879; x_wconf 86' lang='lat' dir='ltr'><strong>deserto</strong></span> <span class='ocrx_word' id='word_1_30' title='bbox 1419 865 1434 891; x_wconf 91' lang='lat'>‚</span> <span class='ocrx_word' id='word_1_31' title='bbox 1488 814 1598 878; x_wconf 90' lang='lat' dir='ltr'><strong>nisi</strong></span> <span class='ocrx_word' id='word_1_32' title='bbox 1625 814 1951 878; x_wconf 82' lang='lat' dir='ltr'><strong>circumdet</strong></span> <span class='ocrx_word' id='word_1_33' title='bbox 1982 836 2199 901; x_wconf 84' lang='lat' dir='ltr'><strong>corpus</strong></span> <span class='ocrx_word' id='word_1_34' title='bbox 2226 816 2409 880; x_wconf 89' lang='lat' dir='ltr'><strong>lorica</strong></span> <span class='ocrx_word' id='word_1_35' title='bbox 2438 825 2499 880; x_wconf 89' lang='lat' dir='ltr'><strong>et</strong></span> <span class='ocrx_word' id='word_1_36' title='bbox 2525 827 2704 905; x_wconf 84' lang='lat' dir='ltr'><strong>caput</strong></span> 
     </span>
     <span class='ocr_line' id='line_1_5' title="bbox 587 914 2702 1001; baseline 0.003 -23"><span class='ocrx_word' id='word_1_37' title='bbox 587 914 795 1001; x_wconf 80' lang='lat' dir='ltr'><strong>galea,</strong></span> <span class='ocrx_word' id='word_1_38' title='bbox 851 924 1068 978; x_wconf 85' lang='lat' dir='ltr'><strong>etcum</strong></span> <span class='ocrx_word' id='word_1_39' title='bbox 1098 914 1266 980; x_wconf 87' lang='lat' dir='ltr'><strong>hasta</strong></span> <span class='ocrx_word' id='word_1_40' title='bbox 1294 915 1356 978; x_wconf 90' lang='lat' dir='ltr'><strong>in</strong></span> <span class='ocrx_word' id='word_1_41' title='bbox 1387 935 1596 978; x_wconf 86' lang='lat' dir='ltr'><strong>manu:</strong></span> <span class='ocrx_word' id='word_1_42' title='bbox 1650 924 1753 979; x_wconf 92' lang='lat' dir='ltr'><strong>aut</strong></span> <span class='ocrx_word' id='word_1_43' title='bbox 1782 914 1910 1000; x_wconf 89' lang='lat' dir='ltr'><strong>quis</strong></span> <span class='ocrx_word' id='word_1_44' title='bbox 1939 925 2130 1000; x_wconf 80' lang='lat' dir='ltr'><strong>potest</strong></span> <span class='ocrx_word' id='word_1_45' title='bbox 2158 915 2439 982; x_wconf 85' lang='lat' dir='ltr'><strong>balaenas</strong></span> <span class='ocrx_word' id='word_1_46' title='bbox 2465 918 2525 981; x_wconf 86' lang='lat' dir='ltr'><strong>in</strong></span> <span class='ocrx_word' id='word_1_47' title='bbox 2553 920 2702 984; x_wconf 83' lang='lat' dir='ltr'><strong>mari</strong></span> 
     </span>
     <span class='ocr_line' id='line_1_6' title="bbox 588 1014 2701 1105; baseline 0.002 -27"><span class='ocrx_word' id='word_1_48' title='bbox 588 1024 867 1102; x_wconf 90' lang='lat' dir='ltr'><strong>captare,</strong></span> <span class='ocrx_word' id='word_1_49' title='bbox 921 1015 1145 1101; x_wconf 78' lang='lat' dir='ltr'>absque</span> <span class='ocrx_word' id='word_1_50' title='bbox 1184 1015 1325 1080; x_wconf 84' lang='lat' dir='ltr'><strong>navi</strong></span> <span class='ocrx_word' id='word_1_51' title='bbox 1367 1025 1427 1080; x_wconf 85' lang='lat' dir='ltr'><strong>et</strong></span> <span class='ocrx_word' id='word_1_52' title='bbox 1473 1014 1852 1080; x_wconf 82' lang='lat' dir='ltr'><strong>adminiculis·</strong></span> <span class='ocrx_word' id='word_1_53' title='bbox 1879 1017 2346 1081; x_wconf 72' lang='lat' dir='ltr'><strong>accommodatis</strong></span> <span class='ocrx_word' id='word_1_54' title='bbox 2382 1018 2458 1082; x_wconf 88' lang='lat' dir='ltr'><strong>ad</strong></span> <span class='ocrx_word' id='word_1_55' title='bbox 2501 1029 2701 1105; x_wconf 86' lang='lat' dir='ltr'><strong>captu-</strong></span> 
     </span>
     <span class='ocr_line' id='line_1_7' title="bbox 587 1110 2702 1205; baseline 0.003 -27"><span class='ocrx_word' id='word_1_56' title='bbox 587 1135 754 1179; x_wconf 82' lang='lat' dir='ltr'><strong>ram:</strong></span> <span class='ocrx_word' id='word_1_57' title='bbox 811 1137 917 1203; x_wconf 78' lang='lat' dir='ltr'><strong>per</strong></span> <span class='ocrx_word' id='word_1_58' title='bbox 959 1114 1108 1179; x_wconf 85' lang='lat' dir='ltr'><strong>haec</strong></span> <span class='ocrx_word' id='word_1_59' title='bbox 1152 1126 1210 1181; x_wconf 86' lang='lat' dir='ltr'><strong>et</strong></span> <span class='ocrx_word' id='word_1_60' title='bbox 1257 1116 1464 1181; x_wconf 80' lang='lat' dir='ltr'><strong>similia</strong></span> <span class='ocrx_word' id='word_1_61' title='bbox 1519 1110 1638 1180; x_wconf 76' lang='lat' dir='ltr'><strong>non</strong></span> <span class='ocrx_word' id='word_1_62' title='bbox 1692 1115 1773 1179; x_wconf 88' lang='lat' dir='ltr'><strong>ita</strong></span> <span class='ocrx_word' id='word_1_63' title='bbox 1826 1117 2163 1203; x_wconf 84' lang='lat' dir='ltr'><strong>comparari</strong></span> <span class='ocrx_word' id='word_1_64' title='bbox 2212 1128 2432 1205; x_wconf 82' lang='lat' dir='ltr'><strong>potest,</strong></span> <span class='ocrx_word' id='word_1_65' title='bbox 2485 1118 2588 1184; x_wconf 90' lang='lat' dir='ltr'><strong>sed</strong></span> <span class='ocrx_word' id='word_1_66' title='bbox 2633 1121 2702 1184; x_wconf 91' lang='lat' dir='ltr'><strong>il-</strong></span> 
     </span>
     <span class='ocr_line' id='line_1_8' title="bbox 587 1213 2699 1306; baseline 0.001 -26"><span class='ocrx_word' id='word_1_67' title='bbox 587 1215 827 1281; x_wconf 89' lang='lat' dir='ltr'><strong>lustrari</strong></span> <span class='ocrx_word' id='word_1_68' title='bbox 857 1237 1052 1303; x_wconf 83' lang='lat' dir='ltr'><strong>pugna</strong></span> <span class='ocrx_word' id='word_1_69' title='bbox 1082 1217 1191 1281; x_wconf 91' lang='lat' dir='ltr'><strong>Dei</strong></span> <span class='ocrx_word' id='word_1_70' title='bbox 1219 1214 1662 1306; x_wconf 80' lang='lat' dir='ltr'><strong>omnipotentis</strong></span> <span class='ocrx_word' id='word_1_71' title='bbox 1690 1238 1821 1279; x_wconf 88' lang='lat' dir='ltr'><strong>cum</strong></span> <span class='ocrx_word' id='word_1_72' title='bbox 1854 1213 2160 1294; x_wconf 69' lang='lat' dir='ltr'><strong>Infernis,&#39;</strong></span> <span class='ocrx_word' id='word_1_73' title='bbox 2194 1240 2370 1305; x_wconf 85' lang='lat' dir='ltr'><strong>quam</strong></span> <span class='ocrx_word' id='word_1_74' title='bbox 2399 1218 2549 1283; x_wconf 88' lang='lat' dir='ltr'><strong>inire</strong></span> <span class='ocrx_word' id='word_1_75' title='bbox 2580 1241 2699 1286; x_wconf 89' lang='lat' dir='ltr'><strong>non</strong></span> 
     </span>
     <span class='ocr_line' id='line_1_9' title="bbox 589 1315 2701 1407; baseline 0.003 -27"><span class='ocrx_word' id='word_1_76' title='bbox 589 1326 818 1404; x_wconf 88' lang='lat' dir='ltr'><strong>posset,</strong></span> <span class='ocrx_word' id='word_1_77' title='bbox 870 1317 978 1382; x_wconf 88' lang='lat' dir='ltr'><strong>nisi</strong></span> <span class='ocrx_word' id='word_1_78' title='bbox 1010 1318 1355 1382; x_wconf 91' lang='lat' dir='ltr'><strong>Humanum</strong></span> <span class='ocrx_word' id='word_1_79' title='bbox 1386 1317 1548 1404; x_wconf 88' lang='lat' dir='ltr'><strong>prius</strong></span> <span class='ocrx_word' id='word_1_80' title='bbox 1581 1317 1855 1381; x_wconf 84' lang='lat' dir='ltr'><strong>induerit.</strong></span> <span class='ocrx_word' id='word_1_81' title='bbox 1937 1315 2015 1381; x_wconf 86' lang='lat' dir='ltr'><strong>At</strong></span> <span class='ocrx_word' id='word_1_82' title='bbox 2042 1318 2342 1382; x_wconf 89' lang='lat' dir='ltr'><strong>sciendum</strong></span> <span class='ocrx_word' id='word_1_83' title='bbox 2373 1328 2489 1396; x_wconf 89' lang='lat' dir='ltr'><strong>est,</strong></span> <span class='ocrx_word' id='word_1_84' title='bbox 2541 1322 2701 1407; x_wconf 87' lang='lat' dir='ltr'><strong>quod</strong></span> 
     </span>
     <span class='ocr_line' id='line_1_10' title="bbox 590 1417 2699 1505; baseline 0.003 -26"><span class='ocrx_word' id='word_1_85' title='bbox 590 1436 790 1504; x_wconf 80' lang='lat' dir='ltr'><strong>pugna</strong></span> <span class='ocrx_word' id='word_1_86' title='bbox 836 1417 1075 1480; x_wconf 87' lang='lat' dir='ltr'><strong>Domini</strong></span> <span class='ocrx_word' id='word_1_87' title='bbox 1127 1440 1260 1482; x_wconf 81' lang='lat' dir='ltr'><strong>rum</strong></span> <span class='ocrx_word' id='word_1_88' title='bbox 1308 1417 1593 1494; x_wconf 79' lang='lat' dir='ltr'><strong>Infernis,</strong></span> <span class='ocrx_word' id='word_1_89' title='bbox 1664 1439 1782 1481; x_wconf 90' lang='lat' dir='ltr'><strong>non</strong></span> <span class='ocrx_word' id='word_1_90' title='bbox 1821 1418 1998 1482; x_wconf 83' lang='lat' dir='ltr'><strong>fuerit</strong></span> <span class='ocrx_word' id='word_1_91' title='bbox 2043 1439 2238 1505; x_wconf 76' lang='lat' dir='ltr'><strong>pugna</strong></span> <span class='ocrx_word' id='word_1_92' title='bbox 2285 1420 2495 1497; x_wconf 85' lang='lat' dir='ltr'><strong>oralis,</strong></span> <span class='ocrx_word' id='word_1_93' title='bbox 2548 1421 2699 1485; x_wconf 90' lang='lat' dir='ltr'><strong>sicut</strong></span> 
     </span>
     <span class='ocr_line' id='line_1_11' title="bbox 588 1517 2697 1607; baseline 0.001 -27"><span class='ocrx_word' id='word_1_94' title='bbox 588 1517 745 1580; x_wconf 88' lang='lat' dir='ltr'><strong>inter</strong></span> <span class='ocrx_word' id='word_1_95' title='bbox 785 1517 1206 1582; x_wconf 72' lang='lat' dir='ltr'><strong>ratiocinantes</strong></span> <span class='ocrx_word' id='word_1_96' title='bbox 1243 1529 1304 1583; x_wconf 93' lang='lat' dir='ltr'><strong>et</strong></span> <span class='ocrx_word' id='word_1_97' title='bbox 1346 1519 1672 1605; x_wconf 74' lang='lat' dir='ltr'><strong>litiganteS‚</strong></span> <span class='ocrx_word' id='word_1_98' title='bbox 1727 1519 1860 1582; x_wconf 87' lang='lat' dir='ltr'><strong>talis</strong></span> <span class='ocrx_word' id='word_1_99' title='bbox 1907 1537 2102 1605; x_wconf 82' lang='lat' dir='ltr'><strong>pugna</strong></span> <span class='ocrx_word' id='word_1_100' title='bbox 2145 1541 2386 1607; x_wconf 87' lang='lat' dir='ltr'><strong>prorsus</strong></span> <span class='ocrx_word' id='word_1_101' title='bbox 2429 1519 2572 1583; x_wconf 88' lang='lat' dir='ltr'><strong>nibil</strong></span> <span class='ocrx_word' id='word_1_102' title='bbox 2618 1521 2697 1584; x_wconf 88' lang='lat' dir='ltr'><strong>ibi</strong></span> 
     </span>
     <span class='ocr_line' id='line_1_12' title="bbox 585 1618 2698 1707; baseline 0.002 -27"><span class='ocrx_word' id='word_1_103' title='bbox 585 1618 794 1693; x_wconf 84' lang='lat' dir='ltr'><strong>efficit,</strong></span> <span class='ocrx_word' id='word_1_104' title='bbox 847 1619 947 1682; x_wconf 89' lang='lat' dir='ltr'><strong>sed</strong></span> <span class='ocrx_word' id='word_1_105' title='bbox 978 1619 1088 1682; x_wconf 84' lang='lat' dir='ltr'><strong>suit</strong></span> <span class='ocrx_word' id='word_1_106' title='bbox 1115 1641 1308 1706; x_wconf 82' lang='lat' dir='ltr'><strong>pugna</strong></span> <span class='ocrx_word' id='word_1_107' title='bbox 1335 1619 1687 1707; x_wconf 74' lang='lat' dir='ltr'><strong>spiritualiS,</strong></span> <span class='ocrx_word' id='word_1_108' title='bbox 1740 1641 1896 1704; x_wconf 84' lang='lat' dir='ltr'><strong>quae</strong></span> <span class='ocrx_word' id='word_1_109' title='bbox 1932 1629 2017 1683; x_wconf 88' lang='lat' dir='ltr'><strong>est</strong></span> <span class='ocrx_word' id='word_1_110' title='bbox 2060 1619 2257 1683; x_wconf 83' lang='lat' dir='ltr'><strong>Divini</strong></span> <span class='ocrx_word' id='word_1_111' title='bbox 2297 1619 2438 1685; x_wconf 85' lang='lat' dir='ltr'><strong>Veri</strong></span> <span class='ocrx_word' id='word_1_112' title='bbox 2481 1641 2554 1685; x_wconf 82' lang='lat' dir='ltr'><strong>ex</strong></span> <span class='ocrx_word' id='word_1_113' title='bbox 2593 1622 2698 1685; x_wconf 90' lang='lat' dir='ltr'><strong>Di·</strong></span> 
     </span>
     <span class='ocr_line' id='line_1_13' title="bbox 584 1716 2695 1807; baseline 0.001 -25"><span class='ocrx_word' id='word_1_114' title='bbox 584 1719 730 1782; x_wconf 87' lang='lat' dir='ltr'><strong>vino</strong></span> <span class='ocrx_word' id='word_1_115' title='bbox 782 1719 991 1796; x_wconf 90' lang='lat' dir='ltr'><strong>Bono,</strong></span> <span class='ocrx_word' id='word_1_116' title='bbox 1058 1721 1215 1806; x_wconf 89' lang='lat' dir='ltr'><strong>quod</strong></span> <span class='ocrx_word' id='word_1_117' title='bbox 1261 1730 1389 1784; x_wconf 87' lang='lat' dir='ltr'><strong>erat</strong></span> <span class='ocrx_word' id='word_1_118' title='bbox 1431 1721 1619 1807; x_wconf 89' lang='lat' dir='ltr'><strong>ipsum</strong></span> <span class='ocrx_word' id='word_1_119' title='bbox 1661 1719 1851 1783; x_wconf 85' lang='lat' dir='ltr'><strong>Vitale</strong></span> <span class='ocrx_word' id='word_1_120' title='bbox 1895 1716 2161 1805; x_wconf 86' lang='lat' dir='ltr'><strong>Domini;</strong></span> <span class='ocrx_word' id='word_1_121' title='bbox 2218 1721 2389 1806; x_wconf 87' lang='lat' dir='ltr'><strong>hujus</strong></span> <span class='ocrx_word' id='word_1_122' title='bbox 2434 1719 2695 1799; x_wconf 86' lang='lat' dir='ltr'><strong>influxui,</strong></span> 
     </span>
     <span class='ocr_line' id='line_1_14' title="bbox 585 1819 2694 1908; baseline 0.002 -26"><span class='ocrx_word' id='word_1_123' title='bbox 585 1820 786 1884; x_wconf 88' lang='lat' dir='ltr'><strong>medio</strong></span> <span class='ocrx_word' id='word_1_124' title='bbox 836 1821 995 1896; x_wconf 88' lang='lat' dir='ltr'><strong>visu,</strong></span> <span class='ocrx_word' id='word_1_125' title='bbox 1050 1843 1224 1883; x_wconf 87' lang='lat' dir='ltr'><strong>nemo</strong></span> <span class='ocrx_word' id='word_1_126' title='bbox 1268 1820 1327 1884; x_wconf 89' lang='lat' dir='ltr'><strong>in</strong></span> <span class='ocrx_word' id='word_1_127' title='bbox 1374 1820 1626 1884; x_wconf 82' lang='lat' dir='ltr'><strong>Infernis</strong></span> <span class='ocrx_word' id='word_1_128' title='bbox 1673 1830 1863 1907; x_wconf 91' lang='lat' dir='ltr'><strong>potest</strong></span> <span class='ocrx_word' id='word_1_129' title='bbox 1905 1819 2207 1893; x_wconf 76' lang='lat' dir='ltr'><strong>resistere;</strong></span> <span class='ocrx_word' id='word_1_130' title='bbox 2259 1821 2390 1887; x_wconf 88' lang='lat' dir='ltr'><strong>talis</strong></span> <span class='ocrx_word' id='word_1_131' title='bbox 2432 1824 2694 1908; x_wconf 85' lang='lat' dir='ltr'><strong>potentia</strong></span> 
     </span>
     <span class='ocr_line' id='line_1_15' title="bbox 585 1920 2692 2010; baseline 0.001 -27"><span class='ocrx_word' id='word_1_132' title='bbox 585 1921 672 1984; x_wconf 90' lang='lat' dir='ltr'><strong>illi</strong></span> <span class='ocrx_word' id='word_1_133' title='bbox 714 1922 892 1997; x_wconf 80' lang='lat' dir='ltr'><strong>inest,</strong></span> <span class='ocrx_word' id='word_1_134' title='bbox 948 1931 1014 1983; x_wconf 88' lang='lat' dir='ltr'><strong>ut</strong></span> <span class='ocrx_word' id='word_1_135' title='bbox 1053 1920 1371 1986; x_wconf 77' lang='lat' dir='ltr'><strong>infernales</strong></span> <span class='ocrx_word' id='word_1_136' title='bbox 1409 1921 1565 2007; x_wconf 83' lang='lat' dir='ltr'><strong>genii</strong></span> <span class='ocrx_word' id='word_1_137' title='bbox 1604 1921 1795 1985; x_wconf 92' lang='lat' dir='ltr'><strong>solum</strong></span> <span class='ocrx_word' id='word_1_138' title='bbox 1836 1920 1911 1984; x_wconf 93' lang='lat' dir='ltr'><strong>ad</strong></span> <span class='ocrx_word' id='word_1_139' title='bbox 1946 1921 2381 2009; x_wconf 81' lang='lat' dir='ltr'><strong>perceptionem</strong></span> <span class='ocrx_word' id='word_1_140' title='bbox 2422 1924 2549 2010; x_wconf 84' lang='lat' dir='ltr'><strong>ejus</strong></span> <span class='ocrx_word' id='word_1_141' title='bbox 2590 1945 2692 1986; x_wconf 89' lang='lat' dir='ltr'><strong>au·</strong></span> 
     </span>
     <span class='ocr_line' id='line_1_16' title="bbox 584 2020 2693 2112; baseline 0 -27"><span class='ocrx_word' id='word_1_142' title='bbox 584 2020 853 2106; x_wconf 81' lang='lat' dir='ltr'><strong>fugiant,</strong></span> <span class='ocrx_word' id='word_1_143' title='bbox 906 2043 968 2086; x_wconf 74' lang='lat' dir='ltr'><strong>se</strong></span> <span class='ocrx_word' id='word_1_144' title='bbox 1014 2023 1074 2085; x_wconf 90' lang='lat' dir='ltr'><strong>in</strong></span> <span class='ocrx_word' id='word_1_145' title='bbox 1122 2021 1478 2109; x_wconf 77' lang='lat' dir='ltr'><strong>profundum</strong></span> <span class='ocrx_word' id='word_1_146' title='bbox 1521 2022 1827 2108; x_wconf 87' lang='lat' dir='ltr'><strong>dejiciant,</strong></span> <span class='ocrx_word' id='word_1_147' title='bbox 1893 2031 1950 2084; x_wconf 89' lang='lat' dir='ltr'><strong>et</strong></span> <span class='ocrx_word' id='word_1_148' title='bbox 1987 2022 2047 2084; x_wconf 91' lang='lat' dir='ltr'><strong>in</strong></span> <span class='ocrx_word' id='word_1_149' title='bbox 2091 2033 2329 2112; x_wconf 70' lang='lat' dir='ltr'><strong>cryptas</strong></span> <span class='ocrx_word' id='word_1_150' title='bbox 2370 2022 2693 2099; x_wconf 81' lang='lat' dir='ltr'><strong>intrudant,</strong></span> 
     </span>
     <span class='ocr_line' id='line_1_17' title="bbox 584 2121 2692 2212; baseline 0.002 -27"><span class='ocrx_word' id='word_1_151' title='bbox 584 2132 653 2185; x_wconf 85' lang='lat' dir='ltr'><strong>ut</strong></span> <span class='ocrx_word' id='word_1_152' title='bbox 689 2143 752 2186; x_wconf 85' lang='lat' dir='ltr'><strong>se</strong></span> <span class='ocrx_word' id='word_1_153' title='bbox 776 2123 1177 2188; x_wconf 83' lang='lat' dir='ltr'><strong>abscondant:</strong></span> <span class='ocrx_word' id='word_1_154' title='bbox 1232 2123 1347 2187; x_wconf 90' lang='lat' dir='ltr'><strong>hoc</strong></span> <span class='ocrx_word' id='word_1_155' title='bbox 1373 2122 1524 2187; x_wconf 87' lang='lat' dir='ltr'><strong>idem</strong></span> <span class='ocrx_word' id='word_1_156' title='bbox 1556 2131 1643 2186; x_wconf 88' lang='lat' dir='ltr'><strong>est</strong></span> <span class='ocrx_word' id='word_1_157' title='bbox 1679 2121 1838 2209; x_wconf 91' lang='lat' dir='ltr'><strong>quod</strong></span> <span class='ocrx_word' id='word_1_158' title='bbox 1866 2122 2219 2190; x_wconf 79' lang='lat' dir='ltr'><strong>describitur</strong></span> <span class='ocrx_word' id='word_1_159' title='bbox 2259 2123 2415 2209; x_wconf 84' lang='lat' dir='ltr'><strong>apud</strong></span> <span class='ocrx_word' id='word_1_160' title='bbox 2455 2123 2692 2212; x_wconf 77' lang='lat' dir='ltr'><strong>Esaiam</strong></span> 
     </span>
     <span class='ocr_line' id='line_1_18' title="bbox 583 2222 2692 2317; baseline 0 -29"><span class='ocrx_word' id='word_1_161' title='bbox 583 2225 953 2298; x_wconf 82' lang='lat' dir='ltr'><strong>„Intrabunt</strong></span> <span class='ocrx_word' id='word_1_162' title='bbox 1003 2227 1067 2287; x_wconf 83' lang='lat' dir='ltr'><strong>in</strong></span> <span class='ocrx_word' id='word_1_163' title='bbox 1115 2247 1406 2288; x_wconf 76' lang='lat' dir='ltr'><strong>cavernas</strong></span> <span class='ocrx_word' id='word_1_164' title='bbox 1450 2237 1794 2317; x_wconf 79' lang='lat' dir='ltr'><strong>petrarun13</strong></span> <span class='ocrx_word' id='word_1_165' title='bbox 1860 2236 1917 2287; x_wconf 81' lang='lat' dir='ltr'><strong>et</strong></span> <span class='ocrx_word' id='word_1_166' title='bbox 1974 2226 2036 2286; x_wconf 85' lang='lat' dir='ltr'><strong>in</strong></span> <span class='ocrx_word' id='word_1_167' title='bbox 2068 2222 2357 2315; x_wconf 78' lang='lat' dir='ltr'><strong>fissuras</strong></span> <span class='ocrx_word' id='word_1_168' title='bbox 2402 2222 2692 2317; x_wconf 78' lang='lat' dir='ltr'><strong>pulveris,</strong></span> 
     </span>
     <span class='ocr_line' id='line_1_19' title="bbox 576 2321 2794 2419; baseline 0.001 -30"><span class='ocrx_word' id='word_1_169' title='bbox 576 2342 833 2419; x_wconf 77' lang='lat' dir='ltr'><strong>propter</strong></span> <span class='ocrx_word' id='word_1_170' title='bbox 858 2348 1142 2419; x_wconf 75' lang='lat' dir='ltr'><strong>pavorem</strong></span> <span class='ocrx_word' id='word_1_171' title='bbox 1183 2321 1480 2401; x_wconf 74' lang='lat' dir='ltr'><strong>Jeleovac’,</strong></span> <span class='ocrx_word' id='word_1_172' title='bbox 1535 2322 1782 2418; x_wconf 84' lang='lat' dir='ltr'><strong>quando</strong></span> <span class='ocrx_word' id='word_1_173' title='bbox 1825 2338 2028 2416; x_wconf 76' lang='lat' dir='ltr'><strong>surget</strong></span> <span class='ocrx_word' id='word_1_174' title='bbox 2071 2323 2159 2391; x_wconf 86' lang='lat' dir='ltr'><strong>ad</strong></span> <span class='ocrx_word' id='word_1_175' title='bbox 2199 2324 2534 2392; x_wconf 79' lang='lat' dir='ltr'><strong>terrendum</strong></span> <span class='ocrx_word' id='word_1_176' title='bbox 2582 2340 2694 2392; x_wconf 84' lang='lat' dir='ltr'><strong>ter·</strong></span> <span class='ocrx_word' id='word_1_177' title='bbox 2791 2409 2794 2412; x_wconf 21' lang='grc' dir='ltr'>Ι</span> 
     </span>
     <span class='ocr_line' id='line_1_20' title="bbox 586 2422 2695 2516; baseline 0 -25"><span class='ocrx_word' id='word_1_178' title='bbox 586 2441 791 2504; x_wconf 84' lang='lat' dir='ltr'><strong>ram,“</strong></span> <span class='ocrx_word' id='word_1_179' title='bbox 844 2430 986 2516; x_wconf 89' lang='lat' dir='ltr'><strong>Cap.</strong></span> <span class='ocrx_word' id='word_1_180' title='bbox 1035 2424 1125 2487; x_wconf 86' lang='lat' dir='ltr'><strong>ll:</strong></span> <span class='ocrx_word' id='word_1_181' title='bbox 1173 2430 1270 2489; x_wconf 80' lang='lat'><strong>19.</strong></span> <span class='ocrx_word' id='word_1_182' title='bbox 1360 2425 1434 2490; x_wconf 90' lang='lat' dir='ltr'><strong>Et</strong></span> <span class='ocrx_word' id='word_1_183' title='bbox 1489 2426 1549 2489; x_wconf 89' lang='lat' dir='ltr'><strong>in</strong></span> <span class='ocrx_word' id='word_1_184' title='bbox 1592 2422 1950 2515; x_wconf 76' lang='lat' dir='ltr'><strong>Apocalypsi</strong></span> <span class='ocrx_word' id='word_1_185' title='bbox 2007 2426 2271 2503; x_wconf 83' lang='lat' dir='ltr'><strong>„Omnes</strong></span> <span class='ocrx_word' id='word_1_186' title='bbox 2323 2426 2695 2495; x_wconf 83' lang='lat' dir='ltr'><strong>abscondent</strong></span> 
     </span>
     <span class='ocr_line' id='line_1_21' title="bbox 582 2526 2695 2622; baseline 0.001 -32"><span class='ocrx_word' id='word_1_187' title='bbox 582 2550 653 2591; x_wconf 82' lang='lat' dir='ltr'><strong>se</strong></span> <span class='ocrx_word' id='word_1_188' title='bbox 696 2531 759 2593; x_wconf 81' lang='lat' dir='ltr'><strong>in</strong></span> <span class='ocrx_word' id='word_1_189' title='bbox 801 2528 1110 2622; x_wconf 74' lang='lat' dir='ltr'><strong>speluncis</strong></span> <span class='ocrx_word' id='word_1_190' title='bbox 1146 2540 1456 2619; x_wconf 79' lang='lat' dir='ltr'><strong>petrarum</strong></span> <span class='ocrx_word' id='word_1_191' title='bbox 1475 2578 1489 2601; x_wconf 88' lang='lat'><strong>,</strong></span> <span class='ocrx_word' id='word_1_192' title='bbox 1556 2540 1612 2590; x_wconf 80' lang='lat' dir='ltr'><strong>et</strong></span> <span class='ocrx_word' id='word_1_193' title='bbox 1659 2528 1723 2588; x_wconf 84' lang='lat' dir='ltr'><strong>in</strong></span> <span class='ocrx_word' id='word_1_194' title='bbox 1756 2529 1947 2619; x_wconf 78' lang='lat' dir='ltr'><strong>petris</strong></span> <span class='ocrx_word' id='word_1_195' title='bbox 1994 2530 2279 2591; x_wconf 80' lang='lat' dir='ltr'><strong>montium</strong></span> <span class='ocrx_word' id='word_1_196' title='bbox 2298 2574 2316 2603; x_wconf 91' lang='lat'><strong>,</strong></span> <span class='ocrx_word' id='word_1_197' title='bbox 2380 2526 2695 2620; x_wconf 80' lang='lat' dir='ltr'><strong>dicentque</strong></span> 
     </span>
     <span class='ocr_line' id='line_1_22' title="bbox 486 2617 2692 2720; baseline 0 -28"><span class='ocrx_word' id='word_1_198' title='bbox 486 2617 497 2626; x_wconf 59' lang='grc'><strong><em>’</em></strong></span> <span class='ocrx_word' id='word_1_199' title='bbox 585 2630 893 2695; x_wconf 74' lang='lat' dir='ltr'><strong>montibus</strong></span> <span class='ocrx_word' id='word_1_200' title='bbox 935 2644 992 2694; x_wconf 80' lang='lat' dir='ltr'><strong>et</strong></span> <span class='ocrx_word' id='word_1_201' title='bbox 1029 2631 1255 2720; x_wconf 73' lang='lat' dir='ltr'><strong>petriS,</strong></span> <span class='ocrx_word' id='word_1_202' title='bbox 1318 2626 1516 2692; x_wconf 82' lang='lat' dir='ltr'><strong>cadite</strong></span> <span class='ocrx_word' id='word_1_203' title='bbox 1557 2648 1743 2718; x_wconf 80' lang='lat' dir='ltr'><strong>snper</strong></span> <span class='ocrx_word' id='word_1_204' title='bbox 1785 2650 1930 2703; x_wconf 85' lang='lat' dir='ltr'><strong>nos,</strong></span> <span class='ocrx_word' id='word_1_205' title='bbox 2002 2640 2059 2691; x_wconf 83' lang='lat' dir='ltr'><strong>et</strong></span> <span class='ocrx_word' id='word_1_206' title='bbox 2099 2625 2453 2693; x_wconf 80' lang='lat' dir='ltr'><strong>abscondite</strong></span> <span class='ocrx_word' id='word_1_207' title='bbox 2494 2652 2608 2693; x_wconf 85' lang='lat' dir='ltr'><strong>nos</strong></span> <span class='ocrx_word' id='word_1_208' title='bbox 2653 2652 2692 2692; x_wconf 89' lang='lat' dir='ltr'><strong><em>a</em></strong></span> 
     </span>
     <span class='ocr_line' id='line_1_23' title="bbox 555 2723 2716 2820; baseline -0.001 -25"><span class='ocrx_word' id='word_1_209' title='bbox 555 2725 748 2817; x_wconf 79' lang='lat' dir='ltr'><strong>facie</strong></span> <span class='ocrx_word' id='word_1_210' title='bbox 775 2729 1049 2797; x_wconf 64' lang='lat' dir='ltr'><strong>&amp;dentis</strong></span> <span class='ocrx_word' id='word_1_211' title='bbox 1084 2750 1269 2820; x_wconf 79' lang='lat' dir='ltr'><strong>super</strong></span> <span class='ocrx_word' id='word_1_212' title='bbox 1296 2725 1581 2803; x_wconf 71' lang='lat' dir='ltr'><strong>Phrone,</strong></span> <span class='ocrx_word' id='word_1_213' title='bbox 1632 2740 1690 2790; x_wconf 78' lang='lat' dir='ltr'><strong>et</strong></span> <span class='ocrx_word' id='word_1_214' title='bbox 1715 2727 1795 2793; x_wconf 87' lang='lat' dir='ltr'><strong>ab</strong></span> <span class='ocrx_word' id='word_1_215' title='bbox 1822 2730 1916 2792; x_wconf 81' lang='lat' dir='ltr'><strong>ira</strong></span> <span class='ocrx_word' id='word_1_216' title='bbox 1943 2723 2185 2817; x_wconf 76' lang='lat' dir='ltr'><strong>Agrii,“</strong></span> <span class='ocrx_word' id='word_1_217' title='bbox 2238 2726 2378 2815; x_wconf 90' lang='lat' dir='ltr'><strong>Cap.</strong></span> <span class='ocrx_word' id='word_1_218' title='bbox 2420 2726 2536 2792; x_wconf 80' lang='lat' dir='ltr'><strong>Vl:</strong></span> <span class='ocrx_word' id='word_1_219' title='bbox 2590 2731 2716 2792; x_wconf 80' lang='lat'><strong>15,-</strong></span> 
     </span>
     <span class='ocr_line' id='line_1_24' title="bbox 593 2826 2691 2917; baseline -0.001 -24"><span class='ocrx_word' id='word_1_220' title='bbox 593 2835 693 2895; x_wconf 81' lang='grc'><strong>16.</strong></span> <span class='ocrx_word' id='word_1_221' title='bbox 757 2835 855 2895; x_wconf 78' lang='lat'><strong>17.</strong></span> <span class='ocrx_word' id='word_1_222' title='bbox 936 2829 1143 2911; x_wconf 84' lang='lat' dir='ltr'><strong>Qualis</strong></span> <span class='ocrx_word' id='word_1_223' title='bbox 1189 2828 1448 2917; x_wconf 87' lang='lat' dir='ltr'><strong>potentia</strong></span> <span class='ocrx_word' id='word_1_224' title='bbox 1495 2828 1793 2903; x_wconf 89' lang='lat' dir='ltr'><strong>Domino,</strong></span> <span class='ocrx_word' id='word_1_225' title='bbox 1860 2828 2016 2914; x_wconf 88' lang='lat' dir='ltr'><strong>quod</strong></span> <span class='ocrx_word' id='word_1_226' title='bbox 2064 2826 2183 2913; x_wconf 90' lang='lat' dir='ltr'><strong>Ipsi</strong></span> <span class='ocrx_word' id='word_1_227' title='bbox 2226 2836 2315 2893; x_wconf 86' lang='lat' dir='ltr'><strong>est</strong></span> <span class='ocrx_word' id='word_1_228' title='bbox 2358 2849 2427 2891; x_wconf 84' lang='lat' dir='ltr'><strong>ex</strong></span> <span class='ocrx_word' id='word_1_229' title='bbox 2472 2828 2691 2894; x_wconf 87' lang='lat' dir='ltr'><strong>Divino</strong></span> 
     </span>
     <span class='ocr_line' id='line_1_25' title="bbox 583 2924 2691 3015; baseline -0.003 -20"><span class='ocrx_word' id='word_1_230' title='bbox 583 2931 793 3008; x_wconf 88' lang='lat' dir='ltr'><strong>Bono,</strong></span> <span class='ocrx_word' id='word_1_231' title='bbox 857 2933 994 2996; x_wconf 88' lang='lat' dir='ltr'><strong>dum</strong></span> <span class='ocrx_word' id='word_1_232' title='bbox 1053 2930 1338 2994; x_wconf 88' lang='lat' dir='ltr'><strong>Ultimum</strong></span> <span class='ocrx_word' id='word_1_233' title='bbox 1393 2927 1695 2993; x_wconf 88' lang='lat' dir='ltr'><strong>Judicium</strong></span> <span class='ocrx_word' id='word_1_234' title='bbox 1751 2924 1925 2992; x_wconf 82' lang='lat' dir='ltr'><strong>Anno</strong></span> <span class='ocrx_word' id='word_1_235' title='bbox 1986 2931 2191 3003; x_wconf 71' lang='lat'><strong>1757,</strong></span> <span class='ocrx_word' id='word_1_236' title='bbox 2245 2928 2508 3015; x_wconf 77' lang='lat' dir='ltr'><strong>peregit,</strong></span> <span class='ocrx_word' id='word_1_237' title='bbox 2561 2927 2691 3004; x_wconf 78' lang='lat' dir='ltr'><strong>fuit,</strong></span> 
     </span>
     <span class='ocr_line' id='line_1_26' title="bbox 585 3027 2690 3121; baseline -0.001 -26"><span class='ocrx_word' id='word_1_238' title='bbox 585 3042 860 3098; x_wconf 86' lang='lat' dir='ltr'><strong>constare</strong></span> <span class='ocrx_word' id='word_1_239' title='bbox 900 3040 1090 3120; x_wconf 89' lang='lat' dir='ltr'><strong>potest</strong></span> <span class='ocrx_word' id='word_1_240' title='bbox 1136 3050 1205 3093; x_wconf 87' lang='lat' dir='ltr'><strong>ex</strong></span> <span class='ocrx_word' id='word_1_241' title='bbox 1245 3030 1390 3105; x_wconf 81' lang='lat' dir='ltr'><strong>illis,</strong></span> <span class='ocrx_word' id='word_1_242' title='bbox 1446 3050 1599 3114; x_wconf 88' lang='lat' dir='ltr'><strong>quae</strong></span> <span class='ocrx_word' id='word_1_243' title='bbox 1639 3028 1697 3089; x_wconf 92' lang='lat' dir='ltr'><strong>in</strong></span> <span class='ocrx_word' id='word_1_244' title='bbox 1733 3027 2037 3116; x_wconf 85' lang='lat' dir='ltr'><strong>Opusculo</strong></span> <span class='ocrx_word' id='word_1_245' title='bbox 2080 3029 2151 3092; x_wconf 91' lang='lat' dir='ltr'><strong>de</strong></span> <span class='ocrx_word' id='word_1_246' title='bbox 2190 3027 2290 3121; x_wconf 70' lang='lat' dir='ltr'><strong>illo</strong></span> <span class='ocrx_word' id='word_1_247' title='bbox 2321 3029 2359 3092; x_wconf 87' lang='lat' dir='ltr'>J</span> <span class='ocrx_word' id='word_1_248' title='bbox 2370 3027 2560 3092; x_wconf 89' lang='lat' dir='ltr'><strong>udicio</strong></span> <span class='ocrx_word' id='word_1_249' title='bbox 2589 3029 2690 3092; x_wconf 85' lang='lat' dir='ltr'><strong>de·</strong></span> 
     </span>
     <span class='ocr_line' id='line_1_27' title="bbox 581 3128 2689 3219; baseline -0.003 -22"><span class='ocrx_word' id='word_1_250' title='bbox 581 3135 801 3219; x_wconf 89' lang='lat' dir='ltr'><strong>scripta</strong></span> <span class='ocrx_word' id='word_1_251' title='bbox 848 3142 1013 3204; x_wconf 87' lang='lat' dir='ltr'><strong>sunt;</strong></span> <span class='ocrx_word' id='word_1_252' title='bbox 1083 3140 1144 3194; x_wconf 91' lang='lat' dir='ltr'><strong>ut</strong></span> <span class='ocrx_word' id='word_1_253' title='bbox 1199 3130 1360 3215; x_wconf 89' lang='lat' dir='ltr'><strong>quod</strong></span> <span class='ocrx_word' id='word_1_254' title='bbox 1407 3129 1586 3193; x_wconf 90' lang='lat' dir='ltr'><strong>colles</strong></span> <span class='ocrx_word' id='word_1_255' title='bbox 1630 3136 1691 3191; x_wconf 87' lang='lat' dir='ltr'><strong>et</strong></span> <span class='ocrx_word' id='word_1_256' title='bbox 1735 3138 1993 3216; x_wconf 83' lang='lat' dir='ltr'><strong>montes,</strong></span> <span class='ocrx_word' id='word_1_257' title='bbox 2048 3151 2198 3217; x_wconf 89' lang='lat' dir='ltr'><strong>quos</strong></span> <span class='ocrx_word' id='word_1_258' title='bbox 2249 3128 2580 3196; x_wconf 77' lang='lat' dir='ltr'><strong>Infernales</strong></span> <span class='ocrx_word' id='word_1_259' title='bbox 2630 3128 2689 3191; x_wconf 92' lang='lat' dir='ltr'><strong>in</strong></span> 
     </span>
     <span class='ocr_line' id='line_1_28' title="bbox 581 3230 2690 3323; baseline -0.003 -25"><span class='ocrx_word' id='word_1_260' title='bbox 581 3234 813 3298; x_wconf 88' lang='lat' dir='ltr'><strong>Mundo</strong></span> <span class='ocrx_word' id='word_1_261' title='bbox 854 3234 1163 3323; x_wconf 87' lang='lat' dir='ltr'><strong>spirituum</strong></span> <span class='ocrx_word' id='word_1_262' title='bbox 1210 3238 1689 3319; x_wconf 87' lang='lat' dir='ltr'><strong>occupaverunt,</strong></span> <span class='ocrx_word' id='word_1_263' title='bbox 1742 3250 1775 3290; x_wconf 87' lang='lat' dir='ltr'><strong>e</strong></span> <span class='ocrx_word' id='word_1_264' title='bbox 1815 3231 1935 3294; x_wconf 89' lang='lat' dir='ltr'><strong>suis</strong></span> <span class='ocrx_word' id='word_1_265' title='bbox 1980 3230 2122 3294; x_wconf 88' lang='lat' dir='ltr'><strong>locis</strong></span> <span class='ocrx_word' id='word_1_266' title='bbox 2162 3230 2477 3304; x_wconf 83' lang='lat' dir='ltr'><strong>evulserit,</strong></span> <span class='ocrx_word' id='word_1_267' title='bbox 2528 3240 2589 3295; x_wconf 84' lang='lat' dir='ltr'><strong>et</strong></span> <span class='ocrx_word' id='word_1_268' title='bbox 2629 3232 2690 3292; x_wconf 88' lang='lat' dir='ltr'><strong>in</strong></span> 
     </span>
     <span class='ocr_line' id='line_1_29' title="bbox 584 3326 2692 3418; baseline -0.001 -22"><span class='ocrx_word' id='word_1_269' title='bbox 584 3334 785 3399; x_wconf 84' lang='lat' dir='ltr'><strong>dissita</strong></span> <span class='ocrx_word' id='word_1_270' title='bbox 828 3331 1225 3408; x_wconf 89' lang='lat' dir='ltr'><strong>transtulerit,</strong></span> <span class='ocrx_word' id='word_1_271' title='bbox 1276 3339 1336 3394; x_wconf 90' lang='lat' dir='ltr'><strong>et</strong></span> <span class='ocrx_word' id='word_1_272' title='bbox 1363 3330 1647 3417; x_wconf 88' lang='lat' dir='ltr'><strong>quosdam</strong></span> <span class='ocrx_word' id='word_1_273' title='bbox 1678 3330 1983 3414; x_wconf 78' lang='lat' dir='ltr'><strong>subsidere</strong></span> <span class='ocrx_word' id='word_1_274' title='bbox 2031 3326 2263 3406; x_wconf 78' lang='lat' dir='ltr'><strong>fecerit,</strong></span> <span class='ocrx_word' id='word_1_275' title='bbox 2316 3351 2550 3418; x_wconf 89' lang='lat' dir='ltr'><strong>quoque</strong></span> <span class='ocrx_word' id='word_1_276' title='bbox 2595 3352 2692 3394; x_wconf 89' lang='lat' dir='ltr'><strong>ur·</strong></span> 
     </span>
     <span class='ocr_line' id='line_1_30' title="bbox 584 3430 2693 3520; baseline -0.001 -24"><span class='ocrx_word' id='word_1_277' title='bbox 584 3433 724 3508; x_wconf 90' lang='lat' dir='ltr'><strong>hes,</strong></span> <span class='ocrx_word' id='word_1_278' title='bbox 780 3435 953 3501; x_wconf 83' lang='lat' dir='ltr'><strong>villas</strong></span> <span class='ocrx_word' id='word_1_279' title='bbox 990 3443 1048 3497; x_wconf 88' lang='lat' dir='ltr'><strong>et</strong></span> <span class='ocrx_word' id='word_1_280' title='bbox 1093 3453 1330 3520; x_wconf 86' lang='lat' dir='ltr'><strong>campos</strong></span> <span class='ocrx_word' id='word_1_281' title='bbox 1377 3431 1611 3496; x_wconf 87' lang='lat' dir='ltr'><strong>illorum</strong></span> <span class='ocrx_word' id='word_1_282' title='bbox 1660 3430 1883 3495; x_wconf 87' lang='lat' dir='ltr'><strong>diluvio</strong></span> <span class='ocrx_word' id='word_1_283' title='bbox 1931 3430 2343 3507; x_wconf 88' lang='lat' dir='ltr'><strong>inundaverit,</strong></span> <span class='ocrx_word' id='word_1_284' title='bbox 2397 3440 2455 3494; x_wconf 90' lang='lat' dir='ltr'><strong>et</strong></span> <span class='ocrx_word' id='word_1_285' title='bbox 2502 3441 2693 3495; x_wconf 88' lang='lat' dir='ltr'><strong>terras</strong></span> 
     </span>
     <span class='ocr_line' id='line_1_31' title="bbox 580 3531 2690 3618; baseline -0.001 -21"><span class='ocrx_word' id='word_1_286' title='bbox 580 3534 816 3600; x_wconf 88' lang='lat' dir='ltr'><strong>illorum</strong></span> <span class='ocrx_word' id='word_1_287' title='bbox 852 3557 886 3598; x_wconf 92' lang='lat' dir='ltr'><strong>e</strong></span> <span class='ocrx_word' id='word_1_288' title='bbox 911 3535 1094 3599; x_wconf 83' lang='lat' dir='ltr'><strong>fundo</strong></span> <span class='ocrx_word' id='word_1_289' title='bbox 1122 3533 1379 3607; x_wconf 86' lang='lat' dir='ltr'><strong>eruerit,</strong></span> <span class='ocrx_word' id='word_1_290' title='bbox 1427 3541 1485 3594; x_wconf 89' lang='lat' dir='ltr'><strong>et</strong></span> <span class='ocrx_word' id='word_1_291' title='bbox 1517 3532 1646 3595; x_wconf 83' lang='lat' dir='ltr'><strong>illas</strong></span> <span class='ocrx_word' id='word_1_292' title='bbox 1676 3553 1792 3595; x_wconf 85' lang='lat' dir='ltr'><strong>una</strong></span> <span class='ocrx_word' id='word_1_293' title='bbox 1834 3552 1964 3595; x_wconf 90' lang='lat' dir='ltr'><strong>cum</strong></span> <span class='ocrx_word' id='word_1_294' title='bbox 2008 3531 2214 3597; x_wconf 88' lang='lat' dir='ltr'><strong>incolis</strong></span> <span class='ocrx_word' id='word_1_295' title='bbox 2252 3531 2314 3594; x_wconf 91' lang='lat' dir='ltr'><strong>in</strong></span> <span class='ocrx_word' id='word_1_296' title='bbox 2352 3531 2690 3618; x_wconf 79' lang='lat' dir='ltr'><strong>voragines,</strong></span> 
     </span>
     <span class='ocr_line' id='line_1_32' title="bbox 579 3631 2691 3725; baseline -0.002 -26"><span class='ocrx_word' id='word_1_297' title='bbox 579 3644 826 3721; x_wconf 79' lang='lat' dir='ltr'><strong>stagna,</strong></span> <span class='ocrx_word' id='word_1_298' title='bbox 881 3645 939 3698; x_wconf 91' lang='lat' dir='ltr'><strong>et</strong></span> <span class='ocrx_word' id='word_1_299' title='bbox 968 3635 1207 3725; x_wconf 87' lang='lat' dir='ltr'><strong>paludes</strong></span> <span class='ocrx_word' id='word_1_300' title='bbox 1235 3633 1585 3720; x_wconf 74' lang='lat' dir='ltr'><strong>conjecerit,</strong></span> <span class='ocrx_word' id='word_1_301' title='bbox 1639 3640 1876 3719; x_wconf 87' lang='lat' dir='ltr'><strong>praeter</strong></span> <span class='ocrx_word' id='word_1_302' title='bbox 1904 3631 2103 3717; x_wconf 88' lang='lat' dir='ltr'><strong>plura:</strong></span> <span class='ocrx_word' id='word_1_303' title='bbox 2158 3643 2216 3696; x_wconf 90' lang='lat' dir='ltr'><strong>et</strong></span> <span class='ocrx_word' id='word_1_304' title='bbox 2248 3632 2397 3696; x_wconf 88' lang='lat' dir='ltr'><strong>haec</strong></span> <span class='ocrx_word' id='word_1_305' title='bbox 2426 3631 2624 3696; x_wconf 88' lang='lat' dir='ltr'><strong>omnia</strong></span> <span class='ocrx_word' id='word_1_306' title='bbox 2656 3652 2691 3694; x_wconf 87' lang='lat' dir='ltr'><strong>a</strong></span> 
     </span>
     <span class='ocr_line' id='line_1_33' title="bbox 579 3732 2486 3823; baseline -0.003 -23"><span class='ocrx_word' id='word_1_307' title='bbox 579 3735 725 3801; x_wconf 88' lang='lat' dir='ltr'><strong>Solo</strong></span> <span class='ocrx_word' id='word_1_308' title='bbox 757 3737 1014 3801; x_wconf 89' lang='lat' dir='ltr'><strong>Domino</strong></span> <span class='ocrx_word' id='word_1_309' title='bbox 1044 3757 1148 3823; x_wconf 87' lang='lat' dir='ltr'><strong>per</strong></span> <span class='ocrx_word' id='word_1_310' title='bbox 1176 3733 1499 3822; x_wconf 86' lang='lat' dir='ltr'><strong>potentiam</strong></span> <span class='ocrx_word' id='word_1_311' title='bbox 1530 3733 1734 3796; x_wconf 86' lang='lat' dir='ltr'><strong>Divini</strong></span> <span class='ocrx_word' id='word_1_312' title='bbox 1762 3732 1905 3798; x_wconf 86' lang='lat' dir='ltr'><strong>Veri</strong></span> <span class='ocrx_word' id='word_1_313' title='bbox 1942 3753 2011 3795; x_wconf 86' lang='lat' dir='ltr'><strong>ex</strong></span> <span class='ocrx_word' id='word_1_314' title='bbox 2042 3733 2262 3797; x_wconf 78' lang='lat' dir='ltr'><strong>Divino</strong></span> <span class='ocrx_word' id='word_1_315' title='bbox 2290 3732 2486 3814; x_wconf 57' lang='lat' dir='ltr'><strong>Bonoe</strong></span> 
     </span>
    </p>

    <p class='ocr_par' dir='ltr' id='par_1_3' title="bbox 575 3831 2693 4426">
     <span class='ocr_line' id='line_1_34' title="bbox 742 3831 2692 3921; baseline -0.004 -21"><span class='ocrx_word' id='word_1_316' title='bbox 742 3840 883 3901; x_wconf 79' lang='lat'><strong>125.</strong></span> <span class='ocrx_word' id='word_1_317' title='bbox 941 3835 1118 3917; x_wconf 85' lang='lat' dir='ltr'><strong>Quod</strong></span> <span class='ocrx_word' id='word_1_318' title='bbox 1157 3833 1435 3899; x_wconf 86' lang='lat' dir='ltr'><strong>Jehovah</strong></span> <span class='ocrx_word' id='word_1_319' title='bbox 1466 3835 1626 3898; x_wconf 90' lang='lat' dir='ltr'><strong>Deus</strong></span> <span class='ocrx_word' id='word_1_320' title='bbox 1654 3854 1772 3897; x_wconf 91' lang='lat' dir='ltr'><strong>non</strong></span> <span class='ocrx_word' id='word_1_321' title='bbox 1801 3833 2056 3921; x_wconf 85' lang='lat' dir='ltr'><strong>potuerit</strong></span> <span class='ocrx_word' id='word_1_322' title='bbox 2096 3833 2236 3897; x_wconf 89' lang='lat' dir='ltr'><strong>talia</strong></span> <span class='ocrx_word' id='word_1_323' title='bbox 2276 3833 2386 3897; x_wconf 90' lang='lat' dir='ltr'><strong>nisi</strong></span> <span class='ocrx_word' id='word_1_324' title='bbox 2426 3853 2532 3918; x_wconf 87' lang='lat' dir='ltr'><strong>per</strong></span> <span class='ocrx_word' id='word_1_325' title='bbox 2560 3831 2692 3895; x_wconf 87' lang='lat' dir='ltr'><strong>Hu-</strong></span> 
     </span>
     <span class='ocr_line' id='line_1_35' title="bbox 579 3933 2693 4020; baseline -0.002 -20"><span class='ocrx_word' id='word_1_326' title='bbox 579 3957 823 4001; x_wconf 86' lang='lat' dir='ltr'><strong>manum</strong></span> <span class='ocrx_word' id='word_1_327' title='bbox 852 3959 1021 4002; x_wconf 89' lang='lat' dir='ltr'><strong>suum</strong></span> <span class='ocrx_word' id='word_1_328' title='bbox 1051 3938 1110 4000; x_wconf 91' lang='lat' dir='ltr'><strong>in</strong></span> <span class='ocrx_word' id='word_1_329' title='bbox 1137 3945 1335 4000; x_wconf 86' lang='lat' dir='ltr'><strong>actum</strong></span> <span class='ocrx_word' id='word_1_330' title='bbox 1368 3935 1597 3999; x_wconf 86' lang='lat' dir='ltr'><strong>mittere</strong></span> <span class='ocrx_word' id='word_1_331' title='bbox 1627 3943 1688 3997; x_wconf 88' lang='lat' dir='ltr'><strong>et</strong></span> <span class='ocrx_word' id='word_1_332' title='bbox 1718 3933 1948 3997; x_wconf 89' lang='lat' dir='ltr'><strong>efficere</strong></span> <span class='ocrx_word' id='word_1_333' title='bbox 1968 3983 1983 4009; x_wconf 97' lang='lat'><strong>,</strong></span> <span class='ocrx_word' id='word_1_334' title='bbox 2036 3933 2316 3999; x_wconf 81' lang='lat' dir='ltr'><strong>illustrari</strong></span> <span class='ocrx_word' id='word_1_335' title='bbox 2358 3941 2550 4020; x_wconf 88' lang='lat' dir='ltr'><strong>potest</strong></span> <span class='ocrx_word' id='word_1_336' title='bbox 2588 3952 2693 4019; x_wconf 87' lang='lat' dir='ltr'><strong>per</strong></span> 
     </span>
     <span class='ocr_line' id='line_1_36' title="bbox 575 4033 2691 4126; baseline -0.004 -22"><span class='ocrx_word' id='word_1_337' title='bbox 575 4037 784 4104; x_wconf 78' lang='lat' dir='ltr'><strong>varias</strong></span> <span class='ocrx_word' id='word_1_338' title='bbox 825 4037 1332 4126; x_wconf 87' lang='lat' dir='ltr'><strong>comparationes;</strong></span> <span class='ocrx_word' id='word_1_339' title='bbox 1388 4045 1451 4099; x_wconf 89' lang='lat' dir='ltr'><strong>ut</strong></span> <span class='ocrx_word' id='word_1_340' title='bbox 1491 4035 1648 4123; x_wconf 89' lang='lat' dir='ltr'><strong>quod</strong></span> <span class='ocrx_word' id='word_1_341' title='bbox 1688 4034 2101 4121; x_wconf 88' lang='lat' dir='ltr'><strong>inconspicuus</strong></span> <span class='ocrx_word' id='word_1_342' title='bbox 2129 4056 2247 4098; x_wconf 89' lang='lat' dir='ltr'><strong>non</strong></span> <span class='ocrx_word' id='word_1_343' title='bbox 2277 4033 2460 4121; x_wconf 87' lang='lat' dir='ltr'><strong>possit</strong></span> <span class='ocrx_word' id='word_1_344' title='bbox 2489 4053 2691 4096; x_wconf 85' lang='lat' dir='ltr'><strong>conse·</strong></span> 
     </span>
     <span class='ocr_line' id='line_1_37' title="bbox 576 4128 2690 4225; baseline -0.004 -22"><span class='ocrx_word' id='word_1_345' title='bbox 576 4158 719 4203; x_wconf 82' lang='lat' dir='ltr'><strong>rere</strong></span> <span class='ocrx_word' id='word_1_346' title='bbox 764 4160 1009 4214; x_wconf 88' lang='lat' dir='ltr'><strong>manus,</strong></span> <span class='ocrx_word' id='word_1_347' title='bbox 1063 4160 1173 4203; x_wconf 88' lang='lat' dir='ltr'><strong>nec</strong></span> <span class='ocrx_word' id='word_1_348' title='bbox 1224 4137 1550 4225; x_wconf 88' lang='lat' dir='ltr'><strong>loquelam,</strong></span> <span class='ocrx_word' id='word_1_349' title='bbox 1605 4136 1716 4202; x_wconf 89' lang='lat' dir='ltr'><strong>nisi</strong></span> <span class='ocrx_word' id='word_1_350' title='bbox 1752 4157 1887 4216; x_wconf 80' lang='lat' dir='ltr'><strong>cum</strong></span> <span class='ocrx_word' id='word_1_351' title='bbox 1935 4128 2304 4223; x_wconf 53' lang='lat' dir='ltr'><strong>conspicuo}</strong></span> <span class='ocrx_word' id='word_1_352' title='bbox 2339 4156 2412 4199; x_wconf 88' lang='lat' dir='ltr'><strong>ne</strong></span> <span class='ocrx_word' id='word_1_353' title='bbox 2454 4133 2690 4223; x_wconf 88' lang='lat' dir='ltr'><strong>quidem</strong></span> 
     </span>
     <span class='ocr_line' id='line_1_38' title="bbox 575 4233 2693 4328; baseline -0.004 -25"><span class='ocrx_word' id='word_1_354' title='bbox 575 4238 828 4325; x_wconf 83' lang='lat' dir='ltr'><strong>angelus</strong></span> <span class='ocrx_word' id='word_1_355' title='bbox 863 4250 921 4305; x_wconf 84' lang='lat' dir='ltr'><strong>et</strong></span> <span class='ocrx_word' id='word_1_356' title='bbox 955 4238 1192 4328; x_wconf 86' lang='lat' dir='ltr'><strong>spiritus</strong></span> <span class='ocrx_word' id='word_1_357' title='bbox 1233 4259 1366 4303; x_wconf 90' lang='lat' dir='ltr'><strong>cum</strong></span> <span class='ocrx_word' id='word_1_358' title='bbox 1408 4233 1682 4314; x_wconf 87' lang='lat' dir='ltr'><strong>homine,</strong></span> <span class='ocrx_word' id='word_1_359' title='bbox 1735 4234 1970 4302; x_wconf 83' lang='lat' dir='ltr'><strong>tametsi</strong></span> <span class='ocrx_word' id='word_1_360' title='bbox 2005 4235 2171 4324; x_wconf 82' lang='lat' dir='ltr'><strong>juxta</strong></span> <span class='ocrx_word' id='word_1_361' title='bbox 2219 4256 2429 4322; x_wconf 89' lang='lat' dir='ltr'><strong>corpus</strong></span> <span class='ocrx_word' id='word_1_362' title='bbox 2470 4233 2595 4317; x_wconf 81' lang='lat' dir='ltr'><strong>ejus</strong></span> <span class='ocrx_word' id='word_1_363' title='bbox 2634 4240 2693 4295; x_wconf 89' lang='lat' dir='ltr'><strong>et</strong></span> 
     </span>
     <span class='ocr_line' id='line_1_39' title="bbox 576 4333 2690 4426; baseline -0.004 -24"><span class='ocrx_word' id='word_1_364' title='bbox 576 4347 719 4403; x_wconf 89' lang='lat' dir='ltr'><strong>ante</strong></span> <span class='ocrx_word' id='word_1_365' title='bbox 755 4338 968 4406; x_wconf 77' lang='lat' dir='ltr'><strong>faciem</strong></span> <span class='ocrx_word' id='word_1_366' title='bbox 1000 4340 1123 4426; x_wconf 87' lang='lat' dir='ltr'><strong>ejus</strong></span> <span class='ocrx_word' id='word_1_367' title='bbox 1154 4348 1354 4405; x_wconf 85' lang='lat' dir='ltr'><strong>staret.</strong></span> <span class='ocrx_word' id='word_1_368' title='bbox 1436 4337 1565 4403; x_wconf 85' lang='lat' dir='ltr'><strong>Nec</strong></span> <span class='ocrx_word' id='word_1_369' title='bbox 1594 4346 1787 4426; x_wconf 85' lang='lat' dir='ltr'><strong>potest</strong></span> <span class='ocrx_word' id='word_1_370' title='bbox 1814 4334 2063 4420; x_wconf 87' lang='lat' dir='ltr'><strong>alicujus</strong></span> <span class='ocrx_word' id='word_1_371' title='bbox 2093 4336 2286 4400; x_wconf 84' lang='lat' dir='ltr'><strong>anima</strong></span> <span class='ocrx_word' id='word_1_372' title='bbox 2321 4357 2451 4398; x_wconf 89' lang='lat' dir='ltr'><strong>cum</strong></span> <span class='ocrx_word' id='word_1_373' title='bbox 2494 4333 2690 4420; x_wconf 86' lang='lat' dir='ltr'><strong>aliquo</strong></span> 
     </span>
    </p>
   </div>
  </div>
 </body>
</html>
