3309 4775
1019 378 1093 434 11.
1179 377 1584 477 1›0nttNUs
1629 370 2213 433 REDEMPTOR.
2566 392 2669 439 ιιι

568 530 798 597 Mundo
829 516 987 594 'sieut
1029 530 1260 606 leones,
1315 531 1546 595 tametsi
1594 533 1791 617 quoad
1836 553 2087 620 corpora
2135 554 2256 597 non
2301 531 2431 618 plus
2473 533 2674 599 valent

567 655 745 717 quam
777 653 938 696 oves.
972 678 978 683 -
1018 631 1219 694 Simile
1249 642 1336 695 est
1369 653 1501 695 curn
1544 630 1913 707 hominibus,
1968 633 2068 718 qui
2107 634 2166 694 in
2195 632 2426 696 Divinis
2456 633 2610 698 veris
2639 656 2673 699 a

565 733 827 796 Domino
859 741 1026 806 sunt,
1074 742 1279 796 contra
1307 732 1461 796 mala
1491 741 1550 795 et
1577 731 1761 808 falsa,
1816 734 2062 819 proinde
2101 744 2310 797 contra
2354 732 2675 821 phalanges

566 833 972 907 diabolorum,
1027 833 1127 919 qui
1166 833 1229 895 in
1266 854 1370 896 sua
1401 833 1650 903 essentia
1680 833 1924 918 spectati
1969 857 2085 897 non
2129 834 2285 897 aliud
2324 844 2458 900 sunt
2497 855 2674 920 quam

567 935 722 997 mala
756 944 814 996 et
853 931 1016 997 falsa.
1099 933 1279 1013 Quod
1304 934 1524 997 Divino
1555 933 1714 998 Vero
1758 933 1873 996 tale
1913 935 2097 997 robur
2137 936 2305 1009 insit,
2353 945 2440 1019 est
2480 956 2677 1010 causa,

566 1036 705 1119 quia
735 1036 897 1098 Deus
925 1044 1012 1098 est
1038 1034 1224 1121 ipsum
1254 1033 1490 1097 Bonum
1518 1045 1576 1096 et
1616 1036 1804 1123 ipsum
1835 1033 2089 1107 Verum,
2148 1045 2202 1098 et
2251 1056 2354 1121 per
2395 1035 2675 1100 Divinum

569 1135 794 1200 Verum
837 1134 1062 1198 creavit
1103 1134 1492 1205 Universum;
1548 1144 1604 1196 et
1649 1156 1853 1198 omnes
1894 1134 2056 1221 leges
2092 1136 2345 1211 ordinis,
2401 1157 2506 1223 per
2533 1159 2680 1223 quas

570 1246 887 1299 conservat
919 1235 1292 1308 universum,
1345 1245 1479 1299 suut
1521 1234 1831 1307 veritatem
1885 1256 2071 1319 quare
2117 1236 2332 1300 dicitur
2370 1236 2526 1321 apud
2567 1237 2679 1300 Jo-

558 1334 862 1410 lmnnem,
919 1334 1104 1418 Quod
1135 1358 1250 1427 per
1297 1334 1572 1403 Verbum
1610 1338 1816 1399 onmia
1830 1331 2023 1421 ficeta
2062 1340 2214 1408 sint,
2274 1351 2332 1400 et
2371 1340 2506 1400 sine
2547 1336 2676 1404 Illo

546 1433 798 1523 factum
826 1438 906 1499 sit
931 1433 1090 1500 nihil
1113 1431 1531 1527 qezodsactum
1557 1449 1677 1510 est,
1732 1435 1870 1522 Cap.
1920 1435 1979 1498 1:
2026 1441 2079 1499 3.
2120 1440 2217 1499 10.
2266 1447 2325 1500 et
2367 1439 2523 1522 apud
2557 1438 2677 1501 Da·

574 1537 766 1599 videm
821 1536 1001 1612 „Per‘
1020 1536 1292 1603 Verbum
1321 1534 1594 1601 Jelzovae
1627 1535 1800 1600 Caeli
1812 1532 1991 1622 facti
2025 1550 2197 1611 sunt,
2250 1550 2308 1602 et
2338 1558 2453 1629 per
2487 1535 2676 1630 Spiri-

569 1652 691 1700 tum
720 1640 847 1701 oris
873 1638 1082 1729 Ipsius
1108 1640 1305 1702 omnis
1333 1640 1633 1701 exercitus
1663 1646 1907 1701 eorum“
1960 1636 2175 1702 Psalm.
2219 1637 2516 1703 XXXIII:
2567 1644 2624 1702 6.

725 1743 827 1800 88.
885 1737 1059 1816 Quod
1094 1737 1254 1802 Deus
1283 1739 1515 1800 tametsi
1546 1738 1846 1800 descendit
1882 1747 1940 1800 ut
1971 1737 2254 1802 Divinum
2284 1740 2536 1814 Verum,
2581 1763 2677 1805 us-

569 1861 684 1923 que
716 1842 834 1902 non
863 1838 1225 1925 separaverit
1256 1838 1538 1901 Divinum
1568 1837 1801 1901 Bonum
1823 1885 1837 1911 ‚
1887 1847 2116 1901 constat
2155 1859 2227 1902 ex
2255 1838 2678 1926 conceptione,

570 1941 644 2002 de
695 1961 808 2025 qua
838 1941 1101 2023 legitur,
1156 1939 1313 2024 quod
1361 1939 1549 2003 virtus
1588 1938 1867 2002 Altissimi
1911 1939 2361 2003 adumbraverit
2404 1940 2677 2017 Mariam,

572 2040 713 2102 Luc.
776 2040 835 2103 1.·
884 2043 1002 2113 35,
1059 2048 1116 2100 et
1165 2061 1268 2125 per
1322 2041 1600 2103 virtutem
1664 2038 1942 2120 Altissimi
1995 2039 2341 2123 intelligitur
2393 2040 2674 2113 Divinum

569 2139 835 2203 Bonum:
892 2140 1042 2204 idem
1086 2149 1318 2203 constat
1353 2160 1424 2202 ex
1470 2139 1643 2213 locis,
1700 2139 1798 2203 ubi
1829 2139 1960 2225 lpse
2000 2141 2167 2210 dicit.
2223 2141 2380 2227 quod
2407 2140 2591 2207 Pater
2615 2142 2677 2204 in

575 2239 708 2328 Ipso
737 2242 842 2315 sit,
897 2252 953 2305 et
986 2240 1116 2326 lpse
1143 2241 1201 2301 in
1224 2241 1442 2309 Patre;
1498 2240 1657 2326 quod
1702 2241 1901 2303 omnia
1948 2240 2144 2304 Patris
2182 2243 2298 2305 sint
2343 2239 2566 2326 Ipsius;
2621 2253 2679 2308 et

572 2342 733 2428 quod
779 2342 960 2407 Pater
1002 2350 1059 2404 et
1113 2339 1242 2428 Ipse
1296 2364 1479 2405 unum
1535 2342 1685 2416 sint,
1737 2350 1976 2429 praeter
2027 2342 2228 2429 plura,
2284 2362 2387 2427 per
2432 2341 2677 2408 Patrem

570 2441 917 2527 intelligitur
954 2443 1235 2507 Divinum
1265 2442 1520 2506 Bonum.
1627 2491 1634 2497 .

727 2549 828 2607 89.
898 2542 1005 2606 111.
1053 2543 1246 2623 Quon
1290 2544 1462 2607 Deus
1514 2562 1899 2607 Assumssm'r
1945 2542 2297 2607 Hominum
2341 2562 2682 2608 secunnum

574 2644 873 2709 Dwmmu
915 2664 1098 2708 sumu
1141 2642 1466 2708 Onnmmu.
1550 2644 1619 2706 ln
1665 2642 2052 2728 Paragrapho
2100 2644 2172 2705 de
2218 2642 2435 2706 Divina
2476 2641 2682 2705 Omni-

575 2746 838 2831 potentia
868 2753 927 2807 et
953 2742 1413 2818 Omniscientia‚
1466 2754 1765 2807 ostensum
1806 2754 1929 2816 est,
1984 2744 2140 2829 quod
2189 2742 2351 2806 Deus
2391 2762 2508 2806 una
2550 2764 2685 2805 cum

575 2843 896 2908 Creatione
951 2842 1345 2907 introduxerit
1392 2842 1678 2907 Ordinem
1726 2854 1845 2906 tam
1889 2844 1951 2905 in
1998 2843 2352 2907 Universum
2400 2864 2578 2929 quam
2623 2842 2685 2905 in

571 2945 771 3008 omnia
802 2954 860 3007 et
889 2942 1118 3029 singula
1152 2943 1309 3027 ejus,
1363 2952 1420 3005 et
1464 2944 1622 3029 quod
1663 2942 1797 3005 ideo
1826 2942 1937 3005 Dei
1967 2941 2412 3028 Omnipotentia
2445 2943 2505 3005 in
2538 2941 2685 3006 Uni?-

574 3066 750 3109 verso
779 3055 836 3107 et
866 3046 925 3107 in
957 3044 1229 3106 omnibus
1258 3052 1314 3104 et
1343 3042 1587 3126 singulis
1617 3043 1741 3127 ejus
1768 3044 2089 3107 secundum
2130 3043 2290 3127 leges
2324 3042 2413 3107 sui
2443 3041 2684 3106 Ordinis

576 3147 892 3233 procedat,
946 3156 1004 3207 et
1034 3156 1346 3231 operetur,
1385 3144 1458 3205 de
1489 3144 1706 3228 quibus
1734 3143 1790 3203 in
1818 3143 1971 3207 serie
1997 3165 2031 3206 a
2060 3165 2113 3206 n.
2150 3148 2231 3205 49
2262 3143 2337 3207 ad
2361 3144 2466 3220 ¹14,
2501 3161 2681 3231 supra

573 3257 771 3310 actum
803 3255 906 3309 est.
974 3245 1152 3309 Nunc
1183 3244 1317 3330 quia
1352 3245 1514 3307 Dens
1541 3242 1871 3317 descendit,
1925 3255 1982 3308 et
2023 3245 2157 3329 quia
2208 3244 2337 3330 Ipse
2378 3253 2463 3308 est
2493 3242 2682 3318 Ordo,

577 3356 641 3409 ut
670 3370 908 3433 quoque
939 3347 1017 3407 ibi
1047 3346 1512 3408 demonstratum
1545 3353 1665 3418 est,
1719 3364 1834 3405 non
1867 3346 2056 3430 potuit
2084 3344 2287 3420 aliter,
2339 3352 2404 3407 ut
2437 3343 2684 3407 actuali-

572 3458 664 3510 ter
687 3452 864 3511 etiam
895 3446 1077 3509 homo
1107 3444 1306 3519 fieret,
1360 3466 1538 3530 quam
1569 3444 1828 3529 concipi,
1884 3448 2104 3528 gestari
2147 3444 2205 3505 in
2248 3453 2450 3520 utero,
2499 3445 2682 3517 nasci,

542 3538 846 3622 educari,
891 3557 947 3608 et
994 3548 1321 3610 successive
1348 3545 1624 3608 scientias
1666 3544 2005 3620 addiscere,
2059 3567 2161 3631 per
2202 3543 2331 3607 illas
2371 3545 2429 3606 in
2470 3543 2686 3606 intelli-

574 3649 831 3732 gentiam
862 3657 919 3708 et
948 3647 1294 3732 sapientiam
1323 3644 1647 3709 introduci:
1704 3656 2071 3731 quiapropter
2109 3644 2307 3730 quoad
2337 3644 2684 3708 Humanum

574 3747 683 3811 fuit
732 3746 926 3810 infans
962 3749 1109 3810 sicut
1162 3744 1391 3820 infans,
1448 3766 1593 3830 puer
1634 3745 1783 3808 sicut
1827 3766 2005 3828 puer,
2055 3754 2114 3808 et
2159 3746 2242 3809 sic
2289 3766 2498 3832 porro;
2551 3764 2683 3807 cum

570 3847 696 3911 sola
740 3845 1103 3921 differentia,
1159 3847 1318 3932 quod
1357 3848 1559 3920 citius,
1613 3846 1838 3933 plenius
1882 3855 1937 3907 et
1987 3845 2302 3933 perfectius
2340 3866 2518 3930 quarn
2566 3843 2686 3919 alii,

573 3949 1044 4033 progressionem
1086 3947 1247 4009 illam
1299 3945 1646 4031 perfecerit:
1701 3946 1861 4031 quod
1901 3947 1984 4009 ita
2028 3946 2350 4010 secundum
2395 3944 2685 4009 Ordinem

571 4068 918 4134 progressus
955 4049 1060 4122 sit,
1114 4055 1346 4111 constat
1387 4066 1457 4110 ex
1504 4045 1594 4109 his
1626 4045 1782 4133 apud
1816 4046 2039 4109 Lucam
2082 4045 2309 4121 „Jews
2329 4068 2487 4136 puer
2508 4046 2688 4108 crevit

569 4162 628 4212 et
667 4148 1091 4213 corroboratus
1117 4161 1206 4212 est
1238 4150 1486 4239 spiritu,
1538 4168 1612 4210 ac
1649 4141 1912 4238 profecit
1955 4149 2294 4238 sapientia,
2348 4157 2579 4218 aetate,
2630 4156 2687 4207 et

563 4252 768 4339 gratia
795 4248 970 4341 apud
996 4248 1186 4314 Deum
1216 4261 1272 4315 et
1301 4246 1634 4320 homines,“
1676 4245 1819 4332 Cap.
1853 4244 1945 4308 112
1999 4248 2099 4309 40.
2136 4243 2467 4403 5ῗ1ς*ᾳυοά
2498 4241 2685 4314 citius,
