3309 4775
1133 343 1193 383 13¹1
1368 316 1828 378 UNIVERSA
1871 327 2402 379 THEOLOGIA
2445 327 2509 379 N.
2555 327 2616 378 (Σ.
2660 326 2767 377 ΕΤ
2810 326 2875 380 Ν.
2914 326 2983 377 Ε.

1129 495 1185 543 et
1229 480 1689 566 Receptaculum
1736 479 1849 543 Dei
1895 489 1983 545 est
2030 480 2237 567 Imago
2286 480 2430 552 Dei;
2487 489 2545 543 et
2591 480 2727 567 quia
2769 478 2931 543 Deus
2976 488 3066 543 est
3107 479 3230 566 ipse

1129 583 1311 643 Amor
1350 590 1411 643 et
1450 580 1573 665 ipsa
1603 579 1936 668 Sapientia,
1990 591 2076 645 est
2116 579 2295 645 honio
2331 581 2793 667 Receptaculum
2835 580 3114 654 illorum,
3165 602 3235 645 ac

1133 683 1595 767 lieceptaculum
1624 680 1688 744 fit
1718 683 1913 767 imago
1944 682 2056 746 Dei
2086 683 2233 746 sicut
2262 682 2499 769 recipit:
2553 693 2610 744 et
2641 682 2799 768 quod
2827 680 3007 746 homo
3047 682 3124 745 sit
3165 683 3239 746 si-

1133 782 1398 847 militudo
1426 782 1535 845 Dei
1564 802 1635 845 ex
1676 804 1782 857 eo,
1839 784 1993 869 quod
2031 783 2246 848 sentiat
2277 784 2334 845 in
2363 804 2455 857 se,
2511 784 2668 870 quod
2714 783 2812 846 illa
2850 804 3005 869 quae
3031 804 3070 847 a
3101 783 3231 846 Deo

1129 895 1296 959 fiunt,
1346 883 1459 945 sint
1488 884 1547 945 in
1578 883 1678 945 illo
1705 884 1855 947 sicut
1886 885 2041 970 ejus;
2095 893 2156 949 at
2184 904 2367 972 usque
2397 886 2553 971 quod
2584 894 2809 947 tantum
2850 905 2918 947 ex
2960 885 3233 947 similitu·

1133 987 1269 1047 dine
1294 983 1390 1046 illa
1420 985 1493 1047 sit
1522 984 1726 1069 Imago
1755 985 1897 1061 Dei,
1952 994 2235 1071 quantum
2279 986 2579 1070 agnoscit,
2631 985 2791 1070 quod
2830 1006 3004 1049 amor
3042 994 3107 1048 et
3144 1006 3234 1049 sa-

1133 1086 1385 1171 pientia,
1434 1107 1536 1149 seu
1569 1085 1784 1147 bonum
1829 1095 1886 1150 et
1926 1109 2165 1160 verum,
2220 1108 2338 1149 non
2380 1085 2496 1151 sint
2536 1087 2593 1148 in
2637 1085 2737 1148 illo
2775 1085 2935 1169 ejus,
2989 1094 3048 1149 et
3098 1086 3235 1154 inde

1133 1207 1241 1247 msc
1273 1187 1344 1249 ab
1375 1185 1508 1261 illo,
1561 1186 1662 1248 sed
1690 1186 1877 1251 solum
1909 1188 1965 1249 in
1997 1187 2159 1263 Dee,
2211 1196 2270 1249 et
2295 1187 2429 1250 inde
2455 1207 2489 1250 a
2521 1186 2665 1250 Deo,

1322 1286 1465 1350 Post
1518 1286 1665 1351 haec
1719 1286 1983 1353 Alterum
2038 1288 2334 1374 objectum
2389 1287 2784 1352 ventilationis
2835 1298 3246 1352 assumserunt

1137 1391 1310 1459 ,Lon
1337 1406 1674 1451 nomo-Non
1710 1407 2018 1453 NAsct'run
2056 1409 2122 1455 m
2152 1390 2498 1454 Semnum
2525 1408 2745 1453 unlus
2772 1410 3042 1465 Amorus,
3098 1409 3240 1458 ema

1133 1507 1348 1551 ‘in-amm
1372 1506 1625 1551 ussum-3
1650 1510 1728 1551 ΕΤ
1750 1509 1925 1564 Avsss,
1941 1511 2077 1555 TAM
2104 1511 2360 1555 NOBILES
2378 1510 2566 1567 QUAM
2593 1509 2932 1563 lonomuss,
2952 1510 3241 1555 nascun-

1137 1611 1261 1651 ‘run
1299 1607 1366 1651 m
1407 1607 1724 1653 sommus
1768 1610 2032 1655 omnum
2070 1594 2334 1656 suornm
2372 1599 2714 1655 amonumf‘
2765 1591 3032 1656 Primum
3080 1591 3236 1654 veri-

1137 1703 1312 1753 tatem
1344 1690 1755 1777 propositionis
1783 1689 2213 1756 confirmabant
2244 1713 2347 1780 per
2375 1692 2560 1767 varia,
2594 1702 2655 1753 ut
2686 1693 2757 1755 de
2786 1691 3043 1767 homine,
3075 1692 3239 1779 quod

1137 1800 1412 1855 nascatur
1438 1791 1495 1852 in
1527 1792 1747 1855 nullam
1787 1794 2119 1866 scientiam,
2174 1814 2247 1856 ne
2288 1793 2521 1880 quidem
2564 1793 2622 1855 in
2663 1795 2965 1858 scientiam
3011 1793 3239 1859 amoris

1137 1892 1510 1978 vaningialim
1578 1903 1633 1955 et
1698 1893 2161 1976 inquisiverunt,
2226 1904 2282 1958 et
2336 1916 2370 1958 a
2424 1894 2803 1959 rimatoribus
2854 1895 3235 1973 audiverunt,

1137 1994 1294 2075 quenl
1323 1991 1516 2055 infans
1557 2014 1629 2055 ne
1663 1993 1895 2079 quidem
1943 2017 2015 2058 ex
2060 2003 2310 2058 connata
2351 1995 2594 2059 scientia
2634 1998 2779 2059 sciat
2819 1996 2968 2059 uber
3004 1997 3234 2072 matris,

1137 2095 1237 2155 sed
1281 2094 1435 2177 quod
1479 2114 1549 2155 ex
1598 2103 1780 2157 matre
1810 2116 1910 2157 seu
1940 2097 2165 2159 nutrice
2196 2094 2312 2159 hoc
2354 2117 2456 2183 per
2496 2096 2863 2161 admotiones
2900 2097 3123 2173 discat,
3179 2108 3237 2162 et

1141 2196 1295 2279 quod
1328 2195 1502 2256 modo
1528 2194 1674 2259 sciat
1700 2214 1939 2279 sugere,
1993 2206 2051 2260 et
2081 2198 2235 2283 quod
2264 2198 2375 2260 hoc
2405 2196 2665 2261 hauserit
2690 2220 2759 2263 ex
2789 2199 3072 2263 continua
3102 2221 3236 2263 suc-

1141 2299 1294 2356 tione
1335 2295 1394 2355 in
1427 2305 1595 2358 utero
1636 2295 1865 2369 inatris3
1920 2307 1979 2360 et
2018 2297 2173 2383 quod
2218 2308 2417 2387 postea
2462 2319 2579 2361 non
2621 2300 2764 2362 sciat
2810 2299 3069 2384 gradiri,
3123 2321 3231 2363 nec

1137 2396 1452 2460 articulare
1480 2419 1688 2461 sonum
1718 2401 1776 2461 in
1810 2400 2061 2485 aliquam
2094 2421 2298 2462 vocem
2327 2399 2643 2464 humanam
2663 2449 2679 2477 ,
2730 2403 2848 2465 imo
2878 2422 2987 2464 nec
3013 2423 3230 2465 sonare

1133 2496 1471 2561 affectiones
1497 2498 1745 2572 amoris,
1787 2500 1938 2563 sicut
1968 2500 2213 2574 bestiae;
2257 2523 2434 2588 porro
2466 2502 2620 2587 quod
2650 2524 2765 2565 non
2795 2503 2938 2566 sciat
2968 2503 3227 2589 aliquam

1133 2600 1467 2663 alimoniam
1495 2600 1606 2664 sibi
1637 2601 2100 2675 conducibilem,
2153 2604 2301 2666 sicut
2337 2602 2588 2679 bestiae,
2641 2604 2741 2667 sed
2786 2602 2944 2691 quod
2984 2603 3228 2689 arripiat

1129 2704 1402 2775 nbi-rium,
1455 2701 1580 2764 sive
1609 2702 1683 2765 sit
1713 2702 1992 2765 mundum
2023 2701 2146 2766 sive
2185 2702 2581 2779 immundum,
2634 2714 2691 2767 et
2731 2704 2945 2768 inserat
2988 2706 3048 2766 in
3091 2703 3228 2768 buc-

1129 2824 1288 2864 cam:
1335 2803 1644 2867 rimatores
1672 2803 1962 2878 dixerunt,
1993 2802 2149 2891 quod
2179 2805 2355 2869 homo
2384 2804 2603 2892 absque
2632 2806 3037 2881 instructione,
3070 2826 3231 2892 pror·

1129 2928 1225 2964 5115
1257 2903 1396 2965 nihil
1422 2904 1568 2968 sciat
1598 2904 1670 2966 de
1702 2905 1887 2970 modis
1915 2904 2152 2971 amandi
2192 2926 2427 2980 sexum,
2481 2914 2538 2968 et
2566 2907 2724 2991 quod
2754 2905 2861 2969 hos
2888 2928 2960 2969 ne
2993 2906 3233 2992 quidem

1133 3004 1394 3088 virgines
1421 3015 1476 3066 et
1509 3004 1907 3070 adolescentes
1938 3008 2160 3092 absque
2190 3006 2518 3069 eruditione
2546 3007 2621 3069 ab
2651 3007 2808 3070 aliis:
2866 3007 3089 3081 verbe,
3123 3006 3235 3070 ‚ho-

1137 3124 1229 3160 mn
1265 3103 1518 3167 nascitur
1545 3127 1863 3195 corporeus
1888 3109 2036 3170 sicut
2075 3107 2320 3178 vermis;
2376 3114 2434 3171 et
2477 3117 2673 3170 manet
2714 3128 3067 3194 corporeuS,
3124 3108 3234 3171 nisi

1133 3204 1315 3265 dis-cat
1342 3204 1522 3280 scire,
1572 3206 1899 3292 intelligere
1930 3217 1987 3270 et
2016 3204 2225 3293 sapere
2250 3229 2320 3270 ex
2350 3207 2489 3271 aliis.
2566 3208 2709 3272 Post
2736 3207 2883 3271 haec
2912 3207 3238 3274 confirma-

1133 3308 1303 3378 bant,
1359 3305 1515 3390 quod
1554 3305 1786 3371 Bestiae
1826 3316 1947 3371 tam
1995 3306 2220 3370 nobiles
2262 3327 2435 3394 quam
2476 3309 2790 3395 ignobiles,
2848 3319 2911 3373 ut
2949 3309 3236 3374 animalia

1137 3416 1359 3478 terrae,
1409 3405 1679 3470 volucres
1720 3407 1894 3482 caeli,
1948 3406 2205 3492 reptilia,
2261 3408 2472 3495 pisces,
2525 3409 2827 3474 vermiculi
2872 3411 2972 3496 qui
3011 3431 3241 3474 vocan-

1133 3516 1229 3568 tur
1273 3508 1520 3582 insecta,
1575 3517 1892 3571 nascantur
1931 3507 1990 3570 in
2022 3528 2224 3572 omnes
2251 3509 2521 3574 scientias
2560 3532 2825 3576 amorum
2868 3512 3023 3574 vitae
3066 3532 3240 3588 suae,

1133 3619 1193 3668 ut
1233 3608 1291 3668 in
1333 3609 1528 3672 omnia
1561 3629 1713 3694 qnae
1744 3608 2077 3673 nutritionis
2104 3619 2265 3686 sunt,
2318 3611 2377 3674 in
2418 3613 2613 3675 omnia
2657 3634 2807 3700 quae
2846 3612 3239 3678 habitationis

1129 3720 1293 3781 sunt,
1351 3708 1408 3770 in
1439 3709 1637 3773 omnia
1667 3727 1818 3794 quae
1848 3710 2065 3773 amoris
2090 3732 2295 3786 sexus,
2345 3721 2408 3776 et
2451 3710 2890 3797 prolificatiouis
2917 3722 3089 3789 sunt,
3150 3715 3241 3777 in-

1129 3832 1249 3892 que
1277 3809 1471 3873 omnia
1503 3831 1655 3896 quae
1690 3811 2049 3875 educationis
2087 3812 2351 3877 faetuum
2396 3835 2636 3879 suorum
2677 3824 2840 3878 sunt:
2893 3813 3044 3877 haec
3094 3835 3239 3878 con-

1133 3908 1447 3972 firmabant
1475 3910 1927 3996 per-mirabilia,
1972 3933 2122 3999 quae
2159 3915 2522 3979 revocabant
2555 3914 2611 3976 in
2653 3914 2999 3979 memoriam
3039 3935 3115 3978 ex
3145 3914 3239 3982 vi-

1133 4008 1245 4084 sis„
1289 4009 1500 4075 auditis
1525 4021 1586 4076 et
1611 4012 1774 4077 lectis
1801 4013 1859 4077 in
1891 4013 2117 4079 Mundo
2144 4014 2428 4090 naturali,
2480 4014 2539 4076 in
2573 4036 2689 4102 quo
2732 4015 2891 4101 prius
2930 4015 3234 4092 vixerunt,

1133 4112 1189 4172 in
1233 4131 1348 4196 quo
1389 4133 1508 4174 non
1544 4114 2083 4200 repraesentativae
2124 4113 2224 4177 sed
2264 4115 2453 4176 reales
2489 4112 2709 4177 bestiae
2742 4114 2974 4179 dantur.
3057 4117 3236 4181 Post-

1137 4232 1313 4292 quam
1369 4213 1586 4277 veritas
1641 4213 2050 4300 propositionis
2104 4213 2186 4274 ita
2245 4214 2629 4298 comprobata
2674 4224 2792 4290 est,
2843 4215 3237 4280 intendebant
