3309 4775
810 377 856 430 1.
936 374 1167 440 neus
1206 374 1658 429 charron.
1703 400 1769 410 -
1814 371 2147 426 (miras
2189 370 2359 424 uer.
2570 386 2637 433 25

538 531 787 607 Veneri,
831 529 933 595 sed
962 549 1150 616 usque
1176 549 1296 596 non
1325 536 1647 616 potuerunt
1676 526 1903 601 dicere,
1949 524 2105 612 quod
2136 545 2342 590 omnes
2379 524 2459 588 illi
2491 547 2643 592 unus

536 634 696 698 Deus
732 638 968 695 essent:
1027 638 1086 693 et
1128 650 1366 716 quoque
1409 650 1544 703 vos,
1586 627 1687 712 qui
1724 636 1843 691 tres
1883 628 2056 701 estis,
2104 647 2205 701 ac,
2254 635 2317 688 ut
2364 627 2641 714 percipio,

535 732 710 799 simili
739 730 1104 805 eruditione,
1148 730 1318 793 etsie
1341 727 1513 793 simili
1543 726 1793 792 essentia
1824 727 2020 813 quoad
2057 726 2251 801 illam,
2296 748 2483 814 usque
2525 748 2646 793 non

537 833 780 922 potestis
820 852 928 895 vos
970 829 1316 894 combinare
1360 828 1421 892 in
1466 850 1649 892 uuum
1694 826 1994 891 hominem
2043 826 2370 900 eruditum;
2424 828 2527 891 sed
2573 828 2646 893 ad

534 933 686 998 haec
713 932 988 1006 riserunt,
1031 928 1313 1005 dicentes,
1357 927 1592 1015 jocaris,
1628 928 1801 992 aliter
1832 937 1916 991 est
1949 947 2079 990 cum
2112 926 2381 992 Essentia
2410 927 2649 1005 Divina,

537 1032 691 1097 haec
719 1041 806 1097 est
833 1051 982 1107 una,
1030 1038 1090 1094 et
1117 1053 1238 1094 non
1267 1029 1597 1115 tripartita,
1637 1036 1696 1093 et
1724 1037 1810 1092 est
1849 1027 2151 1092 individua
2181 1035 2240 1090 et
2279 1028 2363 1091 sic
2400 1049 2520 1092 non
2560 1030 2649 1094 di-

539 1132 687 1207 visa,
734 1130 974 1218 partitio
1014 1141 1073 1194 et
1114 1130 1326 1195 divisio
1354 1150 1476 1193 non
1519 1128 1676 1193 cadit
1703 1130 1763 1191 in
1796 1127 1987 1191 illam:
2038 1126 2126 1190 his
2157 1121 2371 1191 auditis
2409 1132 2649 1215 regessi‚

543 1232 968 1297 descendamus
992 1232 1050 1294 in
1079 1230 1237 1295 banc
1262 1250 1495 1303 aream,
1541 1238 1599 1291 et
1640 1228 2018 1299 dimicemus;
2062 1237 2122 1289 et
2164 1228 2464 1314 quaesivi,
2508 1231 2649 1314 quid

542 1331 863 1418 intelligitis
892 1352 996 1418 per
1033 1331 1396 1406 Personam,
1451 1338 1510 1392 et
1551 1329 1691 1416 quid
1738 1326 2027 1413 significat
2068 1327 2200 1401 illa,
2254 1336 2312 1391 et
2354 1328 2648 1404 dixerunt,

541 1432 786 1497 Nomen
812 1430 1131 1495 Personae
1156 1428 1468 1521 significat
1494 1453 1615 1493 non
1634 1442 1873 1520 partem
1901 1441 2007 1490 aut
2032 1425 2382 1519 qualitatem
2410 1432 2472 1491 in
2501 1428 2648 1505 alio,

538 1531 655 1596 sed
681 1527 858 1622 quod
884 1534 1131 1622 proprie
1157 1530 1448 1604 subsistit,
1488 1530 1570 1593 ita
1613 1549 1819 1591 omnes
1846 1529 2149 1592 Primores
2178 1527 2477 1592 Ecclesiae
2502 1527 2648 1593 Per·

537 1651 748 1697 sonam
790 1628 1106 1705 definiunt,
1163 1640 1222 1694 et
1260 1652 1366 1694 nos
1405 1650 1538 1692 cum
1581 1629 1726 1698 illis;
1773 1638 1833 1692 et
1871 1628 2019 1702 dixi,
2075 1638 2160 1691 est
2192 1625 2341 1691 haec
2381 1627 2646 1694 definitio

538 1731 873 1807 Personae,
913 1739 973 1794 et
1001 1730 1465 1817 responderunt,
1520 1740 1643 1801 est;
1691 1728 1768 1792 ad
1814 1751 1966 1816 quae
2008 1728 2217 1802 retuli,
2274 1728 2355 1792 ita
2400 1751 2519 1794 non
2559 1740 2648 1795 est

537 1830 737 1917 aliqua
766 1852 903 1919 pars
929 1831 1126 1896 Patris
1153 1831 1213 1894 in
1241 1830 1429 1918 Filio,
1459 1851 1570 1894 nec
1597 1829 1796 1917 aliqua
1825 1831 2133 1915 utriusque
2162 1829 2219 1891 in
2249 1828 2469 1917 Spiritu
2493 1831 2649 1896 San-

541 1940 676 2005 cto,
718 1951 790 1994 ex
831 1953 952 2017 quo
987 1931 1291 2018 sequitur,
1343 1929 1503 2018 quod
1548 1930 1796 2017 quisque
1840 1930 1912 1994 sit
1954 1929 2042 1993 sui
2082 1928 2349 2005 arbitrii,
2406 1931 2553 2016 juris
2590 1940 2647 1996 et

541 2032 881 2119 potestatis,
949 2040 1008 2095 et
1049 2033 1133 2096 sic
1176 2053 1296 2096 non
1342 2019 1562 2118 aliquid
1606 2030 1765 2119 quod
1807 2029 2145 2116 conjungit,
2199 2029 2305 2093 nisi
2352 2029 2645 2108 voluntas,

543 2152 698 2219 quae
727 2131 913 2196 cuivis
938 2133 1174 2219 propria
1215 2141 1333 2208 est,
1375 2141 1434 2196 et
1474 2133 1559 2196 sic
1596 2131 2104 2195 communicabilis
2132 2152 2202 2195 ex
2246 2130 2647 2219 beneplacito;

543 2242 754 2297 suntne
783 2231 864 2296 ita
890 2240 1009 2297 tres
1034 2233 1334 2298 Personae
1364 2241 1484 2297 tres
1520 2231 1778 2296 distincti
1812 2230 1939 2294 Dii:
1993 2231 2192 2295 audite
2230 2228 2458 2307 adhuc,
2504 2230 2648 2297 defi-

543 2332 771 2399 nivistis
794 2331 972 2396 etiam
1013 2333 1371 2410 Personam,
1422 2331 1582 2420 quod
1607 2332 1681 2399 sit
1709 2331 1865 2418 quod
1895 2332 2130 2419 proprie
2170 2329 2463 2410 subsistit,
2505 2353 2647 2398 con-

538 2441 853 2520 sequenter
879 2433 1037 2519 quod
1066 2436 1182 2498 sint
1224 2444 1343 2498 tres
1375 2433 1773 2508 substantiae,
1820 2433 1879 2495 in
1922 2453 2071 2519 quas
2111 2431 2405 2520 partimini
2432 2432 2648 2498 Essen-

540 2533 682 2596 tiam
715 2532 1029 2609 Divinam,
1069 2543 1127 2598 et
1158 2544 1358 2599 tamen
1403 2534 1582 2610 baec,
1629 2542 1691 2596 ut
1722 2554 1956 2619 quoque
1988 2532 2213 2607 dicitis,
2256 2541 2344 2596 est
2383 2532 2650 2620 imparti—

438 2640 445 2645 ’
540 2633 709 2708 bitis,
753 2633 890 2718 quia
925 2654 1040 2696 una
1069 2643 1127 2697 et
1153 2634 1489 2706 individua;
1538 2644 1597 2697 et
1627 2634 1867 2718 insuper
1908 2632 2225 2719 unicuique
2263 2632 2649 2708 substantiae,

540 2732 658 2797 hoc
685 2743 803 2807 est,
839 2730 1171 2807 Personae,
1216 2735 1537 2798 attribuitis
1565 2733 1960 2821 proprietates
1986 2735 2142 2817 qu'ae
2169 2753 2287 2794 non
2317 2742 2451 2795 sunt
2481 2733 2539 2795 in
2567 2731 2650 2795 al-

540 2842 704 2908 tera,
753 2843 811 2896 et
853 2854 1091 2919 quoque
1131 2855 1281 2919 quae
1322 2855 1442 2898 non
1487 2831 1909 2896 communicari
1950 2841 2194 2916 possunt
2238 2832 2469 2908 alteri,
2499 2852 2650 2920 quae

538 2943 678 2997 sunt
706 2932 1046 3017 Imputatio,
1089 2934 1394 3008 Mediatio,
1443 2942 1501 2996 et
1529 2931 1857 3018 Operatio,
1899 2931 2039 3018 quid
2069 2941 2211 2995 tunc
2237 2932 2374 2995 inde
2403 2932 2650 2997 resultat

541 3033 735 3107 alind,
786 3054 966 3119 quam
1013 3032 1173 3119 quod
1212 3043 1334 3097 tres
1369 3033 1675 3097 Personae
1713 3033 1830 3096 sint
1870 3040 1990 3095 tres
2030 3033 2141 3104 dii;
2187 3032 2261 3096 ad
2306 3031 2453 3097 baec
2494 3033 2650 3097 dicta

540 3143 920 3207 retraxerunt
947 3155 1045 3209 se,
1097 3134 1393 3208 dicentes,
1439 3133 1857 3197 ventilabimus
1882 3132 2015 3207 illa,
2057 3142 2116 3195 et
2158 3142 2284 3219 post
2313 3131 2650 3198 ventilatio·

433 3257 439 3260 ’
542 3255 679 3296 nem
707 3234 1208 3318 respondebimus.
1292 3233 1532 3298 Adstitit
1561 3234 1798 3318 quidam
1829 3233 2109 3320 Sapiens,
2155 3233 2251 3297 bic
2277 3234 2521 3298 audiens
2549 3233 2647 3299 illa

538 3334 705 3410 dixit,
744 3353 857 3418 ego
888 3355 1009 3398 non
1038 3336 1176 3398 volo
1209 3356 1313 3420 per
1339 3334 1731 3419 tam-subtiles
1758 3342 2110 3398 transennas
2134 3334 2290 3398 hanc
2313 3354 2653 3420 supremam

541 3455 668 3499 rem
709 3434 1029 3522 inspicere,
1071 3436 1171 3499 sed
1218 3444 1385 3499 extra
1426 3434 1779 3498 subtilitates
1818 3433 1947 3497 illas
1986 3433 2160 3498 video
2203 3435 2265 3498 in
2301 3435 2458 3502 clam
2500 3433 2651 3510 luce,

541 3534 704 3620 quod
732 3535 791 3597 in
819 3533 963 3600 ideis
991 3535 1366 3620 cogitationis
1392 3543 1625 3598 vestrae
1653 3534 1769 3598 sint
1796 3544 1914 3596 tres
1941 3533 2069 3605 Dii;
2113 3536 2215 3600 sed
2245 3535 2382 3622 quia
2415 3536 2653 3620 pudoris

539 3645 630 3698 est
658 3656 858 3699 coram
889 3636 1166 3700 universo
1194 3630 1425 3702 Mundo
1456 3634 1769 3723 propalare
1797 3635 1955 3708 illas,
2002 3656 2140 3699 nam
2168 3637 2216 3699 si
2250 3635 2656 3722 propalaveri-

542 3736 650 3808 tis‚
704 3735 1065 3801 vocabimini
1107 3737 1296 3800 insani
1342 3745 1398 3798 et
1444 3735 1625 3810 satiri,
1686 3756 1871 3822 quare
1912 3735 2148 3820 prodest
2190 3737 2263 3801 ad
2310 3735 2654 3798 evitandum

541 3832 964 3918 ignominiam,
1015 3845 1083 3899 ut
1115 3857 1295 3900 uuum
1327 3836 1515 3901 Deum
1544 3856 1648 3898 ore
1683 3834 2115 3912 confiteamini,
2160 3836 2263 3900 sed
2292 3835 2365 3899 ad
2394 3834 2544 3899 haec
2570 3834 2656 3897 illi

541 3943 668 3997 tres
697 3943 934 4000 tenaces
972 3935 1298 4001 sententiae
1341 3957 1482 4000 suae
1524 3935 1671 3999 nihil
1709 3935 2124 4014 attenderunt,
2178 3946 2236 3999 et
2276 3936 2337 3997 in
2379 3933 2655 3999 abeundo

536 4036 1031 4100 emurmurabant
1072 4035 1303 4124 aliquos
1357 4036 1643 4102 terminos
1698 4034 2107 4100 commodatos
2160 4057 2232 4099 ex
2278 4036 2424 4099 Arte
2464 4035 2658 4101 Meta·

536 4132 818 4224 physica,
861 4155 928 4199 ex
960 4159 1079 4224 quo
1107 4137 1535 4214 animadverti,
1577 4136 1734 4224 quod
1765 4136 1863 4201 illa
1894 4143 2043 4200 esset
2072 4136 2306 4213 illorum
2337 4135 2541 4220 tripos,
2588 4151 2658 4193 ex

537 4255 658 4324 quo
686 4256 968 4326 responsa
996 4238 1215 4311 vellent
1243 4238 1402 4305 dare.
