3309 4775
539 374 615 430 11.
666 375 1081 431 nummus
1128 340 1707 463 ιιιευίῑΜνΤυΒΖ
1756 409 1820 419 -
1866 379 2426 437 ΒΕυΕΜΡΤιο.
2513 394 2618 447 159

502 529 719 593 bosum
746 529 888 591 illud
920 549 1104 614 usque
1135 529 1207 592 ad
1239 529 1399 592 illum
1434 530 1748 617 pertingit,
1788 553 1906 595 non
1935 531 2094 598 videt
2122 532 2465 619 quicquam,
2510 556 2621 599 nec

498 639 687 693 semet
716 631 813 692 ubi
840 615 947 693 ests
1026 630 1228 694 Simile
1259 640 1345 693 est
1375 651 1506 694 cum
1537 626 1805 718 Angelis,
1866 633 2001 696 dum
2042 633 2301 698 Ecclesia
2343 634 2403 697 in
2446 636 2620 701 terris

500 730 674 819 perit,
717 731 877 815 quod
910 741 1048 793 tunc
1080 732 1256 793 etiam
1290 730 1450 794 Caeli
1482 731 1791 796 inferiores
1818 734 2066 805 abeant;
2123 754 2300 797 causa
2328 743 2434 809 est,
2476 734 2616 820 quia

500 831 665 895 Caeli
696 831 1134 911 enhnminibus
1160 853 1190 892 e
1220 840 1379 894 terra
1410 833 1763 908 consistunt,
1818 843 1874 896 et
1904 835 2043 898 dum
2073 833 2323 923 amplius
2361 856 2483 898 non
2511 835 2618 898 ali·

500 932 661 1018 quod
694 933 910 995 bonum
943 931 1135 995 cordis
1160 939 1219 993 et
1250 953 1455 1003 verum
1487 932 1668 997 Verbi
1706 943 2001 1018 superest3
2053 935 2420 999 inundantur
2449 933 2616 999 Caeli

501 1054 536 1096 a
566 1031 737 1095 malis
765 1053 917 1117 quae
945 1043 1287 1116 assurgunt,
1340 1042 1398 1095 et
1427 1033 1503 1097 ab
1535 1033 1647 1098 illis
1678 1035 1828 1098 sicut
1867 1056 1940 1099 ex
1980 1036 2149 1122 aquis
2184 1032 2393 1126 stygiis
2432 1035 2608 1099 suffo-

503 1141 747 1204 cantur;
801 1134 904 1198 sed
932 1156 1114 1217 usque
1144 1154 1177 1196 a
1210 1133 1467 1198 Domino
1496 1135 1902 1199 reconduntur
1934 1136 2184 1211 alicubi,
2237 1144 2296 1203 et
2340 1135 2412 1199 ad
2459 1137 2614 1201 diem

496 1234 692 1303 ultimi
723 1234 938 1296 Judicii
969 1244 1383 1309 reservantur,
1435 1245 1496 1297 et
1524 1245 1668 1297 tunc
1708 1236 1766 1296 in
1797 1235 2039 1299 Caelum
2068 1235 2307 1300 Novum
2338 1237 2618 1299 attollun-

504 1344 633 1404 tur;
688 1333 911 1398 bisunt
942 1334 1045 1420 qui
1072 1333 1476 1419 intelliguntur
1504 1334 1561 1397 in
1592 1331 1950 1424 Apocalypsi
1981 1356 2086 1423 per
2112 1335 2219 1400 hos
2259 1335 2469 1411 „Vidi
2504 1337 2654 1402 subs

504 1430 725 1499 Altari
769 1438 1007 1499 animas
1060 1438 1388 1499 occisorum
1436 1449 1687 1527 propter
1743 1435 2008 1502 Verbum
2061 1435 2183 1501 Dei
2191 1485 2206 1511 ‚
2274 1450 2331 1500 et
2370 1450 2621 1528 propter

511 1537 576 1601 T
566 1538 941 1601 estimOnium
970 1533 1139 1627 quod
1160 1534 1490 1608 habeban13
1543 1549 1600 1600 et
1631 1534 1980 1603 clamabant
2020 1560 2171 1601 voce
2212 1559 2466 1626 magna,
2521 1536 2616 1603 di-

504 1650 734 1711 centes,
790 1660 979 1726 usque
1004 1659 1123 1728 quo
1151 1635 1442 1711 Domine,
1492 1639 1599 1728 qui
1620 1633 1881 1701 Sanctus
1906 1650 1963 1701 et
1997 1638 2235 1711 Verus,
2289 1661 2413 1701 non
2439 1636 2590 1726 judi
2602 1673 2615 1685 ·

504 1759 613 1802 cas
638 1750 697 1801 et
723 1736 1006 1802 vindicas
1031 1737 1389 1823 sanguinem
1416 1749 1686 1801 nostrum
1713 1735 1791 1800 de
1815 1735 2228 1803 habitantibus
2252 1760 2435 1829 super
2465 1738 2612 1803 Ter-

501 1860 575 1902 ra
593 1866 614 1912 ,-
654 1850 710 1901 et
748 1836 929 1902 datae
954 1834 1215 1927 singulis
1241 1834 1438 1901 stolae
1462 1835 1674 1908 albae;
1724 1850 1781 1900 et
1819 1836 2040 1902 dictum
2076 1840 2195 1913 εἰς,
2251 1850 2314 1900 ut
2354 1841 2616 1930 requies-

503 1951 649 2002 cant
677 1936 879 2002 adhuc
921 1951 1151 2028 tempus
1170 1960 1462 2029 parvum,
1517 1961 1705 2029 usque
1746 1935 1887 2002 dum
1924 1938 2327 2031 complentur,
2381 1953 2438 2002 el
2474 1962 2617 2003 con·

502 2041 668 2103 servi
699 2052 756 2103 et
770 2034 1016 2126 fratres
1059 2061 1294 2113 eorum,
1342 2039 1449 2129 qui
1466 2033 1685 2125 futuri
1704 2038 1901 2104 occidi
1927 2043 2081 2105 sicut
2123 2037 2275 2114 illi,·‘
2328 2038 2613 2126 Cap.V1=

506 2144 565 2203 9.
615 2143 712 2202 10.
759 2144 858 2203 11.

670 2244 813 2303 120.
870 2239 1047 2321 Quod
1093 2240 1317 2325 absque
1364 2240 1797 2327 Redemptione
1846 2261 1877 2303 a
1926 2240 2185 2304 Domino
2229 2240 2509 2327 iniquitas
2554 2251 2614 2304 et

499 2341 729 2406 malitia
786 2349 1214 2427 pervagaretur
1276 2349 1464 2405 totum
1519 2342 1727 2405 orbem
1790 2340 2185 2406 Christianum
2246 2341 2304 2404 in
2359 2351 2613 2429 utroque

498 2443 768 2514 Mundo,
820 2442 1093 2506 Naturali
1121 2450 1181 2505 et
1204 2441 1540 2527 spirituali,
1593 2453 1727 2505 sunt
1758 2443 1951 2529 plures
1978 2462 2224 2518 causae,
2276 2443 2430 2506 inter
2469 2464 2617 2530 quas

473 2544 686 2607 'etiam
733 2541 880 2607 haec
924 2550 1045 2619 est,
1098 2542 1236 2628 quia
1286 2544 1476 2606 omnis
1517 2542 1699 2605 homo
1744 2552 1872 2627 post
1922 2552 2172 2606 mortem
2216 2543 2278 2605 in
2323 2544 2614 2606 Mundum

496 2644 819 2731 spirituum
849 2644 1028 2717 venit,
1068 2652 1127 2705 et
1155 2651 1298 2706 tunc
1323 2642 1434 2706 sihi
1475 2664 1715 2728 prorsus
1740 2643 1943 2707 similis
1970 2652 2075 2718 est,
2117 2643 2307 2728 qualis
2335 2642 2516 2730 prius,
2546 2663 2616 2706 ae

500 2743 568 2807 in
616 2745 862 2808 introitu
904 2764 1079 2806 nemo
1108 2744 1295 2807 arceri
1324 2752 1515 2828 potest
1545 2763 1579 2805 a
1607 2743 1903 2830 colloquio
1932 2765 2063 2805 cum
2092 2742 2381 2807 defunctis
2408 2763 2621 2828 paren·

500 2845 705 2920 tibus,
759 2845 1070 2919 fratribus,
1133 2843 1403 2907 affinibus
1457 2852 1516 2906 et
1570 2844 1810 2917 amicis,
1881 2843 2129 2929 quisque
2184 2843 2429 2906 maritus
2478 2850 2621 2906 tunc

501 2944 765 3032 primum
793 2944 1025 3030 quaerit
1056 2966 1298 3009 uxorem
1328 2966 1517 3019 suam,
1551 2953 1608 3006 et
1639 2964 1912 3029 quaeque
1945 2962 2093 3005 uxor
2121 2943 2399 3006 maritum
2425 2963 2620 3016 suum,

500 3056 566 3108 et
594 3046 674 3109 ab
706 3046 797 3110 his
824 3055 880 3108 et
909 3045 1020 3109 illis
1063 3044 1521 3108 introducuntur
1559 3045 1620 3106 in
1664 3044 1832 3109 varia
1879 3043 2174 3106 consortia
2217 3042 2458 3117 talium,
2518 3043 2620 3128 qui

501 3145 874 3210 extrinsecus
909 3145 1057 3210 sicut
1099 3166 1240 3208 oves
1272 3153 1588 3232 apparent,
1643 3165 1715 3208 ac
1756 3143 2105 3206 intrinsecus
2134 3143 2285 3207 sicut
2314 3142 2433 3230 lupi
2462 3151 2619 3217 sunt,

500 3255 564 3311 et
591 3245 670 3309 ab
700 3246 788 3309 his
816 3255 1238 3329 pervertuntur
1266 3247 1442 3307 etiam
1476 3243 1588 3318 illi,
1642 3243 1740 3330 qui
1783 3244 1985 3328 pietati
2017 3243 2402 3315 studuerunt;
2458 3243 2615 3318 inde,

500 3356 564 3410 et
593 3367 668 3409 ex
700 3348 927 3410 artibus
958 3345 1227 3408 nefandis
1267 3345 1327 3407 in
1357 3345 1580 3410 Mundo
1620 3343 1879 3408 naturali
1921 3343 2166 3429 ignotis,
2221 3342 2318 3407 ille
2358 3342 2620 3409 Mundus

500 3445 591 3510 ita
639 3446 898 3534 repletus
925 3455 1012 3509 est
1054 3445 1393 3521 malitiosis,
1448 3456 1621 3532 prout
1662 3453 1938 3529 stagnum
1982 3436 2053 3507 ex'
2098 3443 2288 3508 ovulis
2332 3463 2618 3507 ranarum

501 3545 895 3621 viridescens;
951 3547 1111 3632 quod
1149 3547 1446 3609 consortia
1482 3566 1613 3609 cum
1658 3545 1827 3609 malis
1857 3545 1938 3608 ibi
1981 3544 2093 3607 hoc
2126 3544 2303 3606 etiam
2346 3544 2620 3619 efficiant,

498 3668 579 3710 ex
606 3647 696 3711 his
723 3648 1099 3734 conspicuum
1131 3646 1295 3709 reddi
1325 3654 1548 3732 potest,
1599 3654 1690 3710 est
1727 3645 1883 3708 enim
1925 3645 2075 3709 sicut
2116 3645 2246 3730 quis
2287 3663 2620 3707 commora-

499 3756 605 3810 tur
635 3768 765 3810 cum
798 3747 1194 3836 praedonibus
1228 3757 1327 3809 aut
1360 3747 1594 3833 piratis,
1647 3746 1888 3809 tandem
1923 3745 1984 3808 fit
2016 3743 2126 3808 illis
2153 3745 2386 3818 similis:
2440 3753 2620 3830 atque

497 3857 596 3911 est
620 3848 771 3912 sieut
801 3849 928 3933 quis
958 3848 1181 3911 habitat
1215 3869 1347 3909 cum
1377 3847 1661 3910 adulteris
1689 3859 1746 3909 et
1774 3847 2018 3920 scortis,
2064 3844 2301 3910 tandem
2331 3844 2622 3908 adulteria

498 3969 616 4034 pro
646 3947 829 4010 nihilo
866 3953 1130 4034 reputat,
1169 3959 1257 4011 est
1288 3968 1527 4034 quoque
1556 3947 1708 4011 sicut
1736 3946 1837 4033 qui
1877 3968 1938 4010 se
1967 3945 2255 4008 immiscet
2283 3944 2620 4019 rebellibu8‚

496 4047 749 4112 tandem
789 4048 953 4111 nihili
997 4047 1136 4111 facit
1176 4047 1493 4114 violentias
1533 4047 1757 4118 inferre
1804 4046 2164 4133 cuicunque:
2218 4045 2417 4110 omnia
2463 4043 2621 4107 enim

499 4148 663 4212 mala
716 4157 855 4211 sunt
907 4149 1282 4234 contagiosa,
1334 4157 1393 4211 et
1438 4147 1780 4234 comparari
1826 4156 2069 4235 possunt
2116 4145 2293 4232 pesti,
2349 4165 2503 4230 quae
2549 4162 2623 4207 ex

496 4247 633 4312 sola
676 4249 1034 4336 aspiratione
1079 4258 1139 4312 et
1185 4245 1560 4315 exhalatione
1609 4245 1826 4319 inficit;
1895 4256 1954 4310 et
1996 4264 2235 4333 quoque
2282 4265 2499 4310 cancro
2561 4250 2624 4306 et
