3309 4775
702 371 797 417 1152
935 356 1399 411 UNIVERSA
1445 354 1978 408 THEOLOGIA
2024 357 2087 407 N.
2136 355 2195 406 C.
2240 355 2345 404 ΕΤ
2388 355 2453 405 Ν,
2501 357 2561 406 Ε.

690 509 990 588 „sustulit,
1045 519 1102 573 et
1141 508 1224 573 sic
1256 507 1527 572 homiues
1555 517 1612 571 et
1644 508 1891 592 angelos
1919 507 2193 572 redemit:
2250 530 2322 571 ex
2364 507 2580 593 quibus
2623 519 2792 594 patet,

687 612 887 701 „quod
927 612 1150 698 absque
1191 610 1453 673 adventu
1482 608 1723 671 Domini
1758 608 1953 675 nullus
1991 608 2207 672 salvari
2251 608 2527 695 potuerit.
2598 609 2794 674 Simile

687 723 815 792 „est
841 711 1051 788 hodie,
1092 731 1280 797 quare
1310 709 1418 772 nisi
1448 708 1740 773 Dominus
1768 709 1978 773 iterum
2013 711 2069 771 in
2103 710 2391 773 Mundum
2425 709 2644 784 veniat,
2693 732 2796 775 nec

688 814 1038 901 „quisquam
1070 820 1261 900 potest
1289 809 1546 875 salvari“
1591 810 1725 873 vide
1764 832 1942 897 supra
1987 832 2042 872 n.
2075 814 2132 872 2
2161 815 2220 873 3.

846 917 991 977 122
1065 911 1242 990 Quod
1287 911 1577 975 Dominus
1628 911 2017 975 vindicaverit
2065 912 2354 975 Mundum
2400 910 2797 996 spiritualem,

689 1026 747 1080 et
790 1037 893 1102 per
932 1012 1091 1078 hunc
1136 1012 1540 1078 vindicaturus
1581 1012 1654 1076 sit
1696 1012 2019 1077 Ecclesiam
2070 1011 2145 1075 ab
2191 1011 2511 1083 universali
2560 1012 2800 1075 damna·

689 1119 883 1192 tione,
934 1114 1214 1179 illustrari
1246 1121 1434 1199 potest
1465 1133 1567 1198 per
1597 1114 2100 1200 comparationem
2132 1134 2264 1177 cum
2297 1114 2495 1199 Rege,
2539 1112 2640 1199 qui
2666 1135 2800 1178 suos

690 1216 840 1283 lilios
869 1215 1157 1303 principes
1185 1215 1261 1277 ab
1288 1213 1458 1276 hoste
1486 1223 1690 1298 captos
1710 1262 1745 1293 ,θ
1779 1215 2116 1277 carceribus
2137 1213 2431 1285 inclusos,
2487 1225 2545 1276 et
2581 1213 2800 1278 catenis

693 1319 950 1388 vinctos,
1009 1338 1111 1401 per
1142 1314 1419 1378 victorias
1455 1335 1633 1401 super
1675 1314 1836 1376 illum
1881 1314 2125 1390 liberat,
2179 1324 2237 1376 et
2275 1315 2335 1379 iu
2377 1311 2594 1377 Aulam
2634 1335 2798 1377 suam

691 1418 940 1482 reducit.
1010 1417 1167 1482 Tum
1200 1437 1302 1501 per
1333 1415 1839 1499 comparationem
1868 1437 2001 1478 cum
2030 1415 2311 1489 Pastore,
2368 1414 2466 1500 qui
2498 1436 2643 1478 oves
2668 1435 2803 1479 suas

692 1543 724 1581 e
756 1518 1025 1582 faucibus
1053 1516 1239 1582 leonis
1265 1527 1369 1578 aut
1400 1516 1550 1591 ursi,
1603 1516 1753 1580 sicut
1779 1516 2013 1580 Simson
2054 1525 2110 1578 et
2155 1516 2380 1588 David,
2437 1516 2647 1602 eripit,
2701 1525 2802 1578 aut

690 1619 849 1684 seras
874 1618 1003 1682 illas
1042 1626 1418 1705 erumpentes
1464 1638 1496 1678 e
1534 1615 1719 1706 sylvis
1747 1617 1805 1679 in
1835 1626 2035 1704 prata,
2088 1618 2278 1702 ejicit,
2329 1625 2388 1679 et
2431 1616 2805 1702 persequitur

690 1718 980 1806 usquead
1010 1726 1303 1782 extremos
1346 1718 1661 1790 terminoS,
1714 1727 1774 1780 et
1812 1717 2046 1780 demum
2093 1726 2264 1802 urget
2304 1717 2429 1780 illas
2473 1718 2529 1777 in
2575 1725 2805 1802 stagna,

692 1820 881 1884 autin
911 1820 1180 1896 deserta,
1232 1828 1288 1881 et
1321 1828 1522 1904 postea
1552 1819 1708 1881 redit
1736 1817 1809 1881 ad
1846 1839 2023 1894 oves,
2076 1829 2128 1879 et
2175 1819 2232 1880 in
2274 1818 2593 1881 securitate
2622 1818 2807 1902 pascit

692 1922 854 1997 inas,
905 1930 961 1984 et
990 1939 1059 1982 ex
1088 1918 1349 1983 fontibus
1379 1941 1567 2006 aquae
1596 1920 1873 2004 limpidae
1902 1927 2064 2005 potat
2094 1919 2235 1982 illas.
2311 1919 2598 1981 lllustrari
2625 1918 2805 1982 etiam

696 2031 883 2108 potest
913 2041 1044 2083 cum
1077 2022 1311 2107 aliquo,
1365 2019 1462 2106 qui
1493 2020 1652 2082 videt
1679 2028 2011 2106 serpentem
2057 2021 2115 2082 in
2149 2021 2365 2105 spiram
2408 2027 2667 2094 tortum,
2724 2020 2810 2104 ja·

696 2131 923 2184 rentem
968 2122 1028 2184 in
1075 2123 1204 2197 via,
1259 2142 1330 2183 ac
1361 2121 1763 2185 intendentem
1792 2118 2061 2205 infligere
2098 2121 2333 2207 plagam
2374 2120 2654 2183 calcaneo
2686 2120 2806 2184 via-

697 2222 876 2295 toriS,
931 2243 1001 2285 ac
1047 2222 1354 2308 prehendit
1399 2231 1576 2311 caput
1618 2222 1778 2307 ejuS,
1838 2232 1897 2284 et
1941 2220 2136 2294 illum,
2204 2221 2432 2284 tametsi
2477 2242 2536 2284 se
2584 2221 2804 2285 circum

698 2344 936 2387 manum
978 2321 1104 2407 ejus
1149 2332 1547 2410 contorquet,
1591 2342 1775 2409 usque
1823 2321 2063 2387 domum
2113 2331 2338 2407 portat,
2395 2331 2454 2382 et
2499 2321 2806 2408 ibi-caput

696 2423 826 2507 ejus
855 2432 1151 2511 amputat,
1206 2433 1264 2489 et
1307 2422 1597 2511 reliquum
1637 2424 1923 2510 inignem
1953 2423 2207 2510 conjicit.
2290 2421 2581 2486 Illustrari
2623 2423 2806 2485 etiam

696 2533 891 2612 potest
931 2544 1061 2588 cum
1088 2547 1303 2612 sponso
1331 2534 1435 2588 aut
1469 2525 1718 2600 marito,
1770 2525 1869 2611 qui
1910 2522 2047 2587 dum
2095 2524 2251 2587 videt
2298 2523 2631 2587 adulterum
2682 2533 2805 2586 ten-

695 2634 921 2688 tantem
951 2623 1169 2689 inferre
1198 2625 1541 2689 violentiam
1571 2647 1713 2690 suae
1742 2645 1990 2713 sponsae
2022 2633 2121 2688 aut
2150 2626 2352 2698 uxori,
2405 2624 2566 2687 illum
2597 2643 2804 2709 aggre-

696 2725 884 2800 ditur,
941 2735 998 2788 et
1026 2727 1121 2791 vel
1153 2746 1391 2790 manum
1417 2727 1542 2813 ejus
1569 2725 1766 2808 gladio
1805 2726 2065 2800 sauciat,
2124 2726 2219 2790 vel
2259 2746 2433 2789 crura
2474 2734 2532 2788 et
2573 2724 2798 2788 lumbos

695 2828 821 2911 ejus
849 2825 1035 2913 plagis
1062 2826 1335 2913 corripit,
1389 2827 1483 2889 vel
1523 2848 1627 2912 per
1667 2848 1870 2892 servos
1908 2848 2047 2889 suos
2092 2826 2245 2912 ejicit
2294 2825 2350 2887 in
2394 2826 2654 2911 platea&
2706 2826 2800 2910 qui

695 2926 947 2991 fustibus
970 2927 1131 2991 illum
1165 2949 1348 3015 usque
1376 2927 1449 2990 ad
1479 2926 1718 2991 domum
1750 2926 1875 3012 ejus
1904 2936 2353 3014 persequuntur,
2396 2936 2454 2992 ct
2481 2929 2564 2991 sic
2590 2926 2803 2989 libera-

697 3036 815 3090 tam
846 3027 904 3089 in
936 3026 1261 3091 thalamum
1291 3048 1458 3092 suum
1488 3027 1760 3092 abducit:
1801 3048 1905 3115 per
1931 3026 2219 3115 Sponsam
2247 3037 2304 3090 et
2334 3027 2594 3091 Uxorem
2629 3025 2806 3089 etiam

697 3126 758 3188 in
800 3127 999 3191 Verbo
1041 3127 1388 3213 intelligitur
1426 3128 1689 3192 Ecclesia
1724 3127 2002 3202 Domini,
2056 3137 2113 3192 et
2152 3151 2256 3216 per
2300 3128 2599 3192 adulteros
2639 3125 2811 3190 intel-

698 3225 963 3310 liguntur
1009 3228 1329 3292 violatores
1373 3229 1532 3314 ejus,
1587 3229 1688 3315 qui
1724 3239 1898 3303 sunt,
1954 3228 2052 3315 qui
2096 3229 2360 3294 Verbum
2409 3227 2595 3316 Ipsius
2642 3226 2811 3291 adul-

701 3335 927 3398 terant;
981 3328 1137 3413 quod
1167 3329 1304 3414 quia
1330 3328 1544 3393 Judaei
1573 3329 1875 3404 fecerunt,
1929 3348 1962 3392 a
1992 3328 2250 3393 Domino
2280 3329 2474 3394 vorati
2502 3336 2638 3392 sunt
2667 3348 2809 3413 gens

701 3426 989 3491 adultera.

858 3531 1000 3592 123.
1060 3527 1163 3593 IV.
1211 3529 1403 3609 Quon
1435 3531 1816 3595 Rnnssmrlo
1841 3529 2271 3596 ruam-opus
2298 3551 2465 3594 PURE
2487 3531 2805 3595 Dlvmuu.

696 3627 815 3708 Qui
844 3628 951 3692 scit
978 3629 1152 3714 quale
1191 3629 1493 3694 Infernum
1529 3641 1645 3704 est,
1700 3641 1759 3694 et
1787 3632 1974 3717 qualis
2004 3631 2129 3714 ejus
2168 3631 2418 3694 altitudo
2461 3639 2520 3693 et
2558 3629 2807 3693 inunda-

631 3790 634 3794 .
696 3727 780 3792 tio
810 3750 988 3816 super
1027 3730 1363 3795 universum
1392 3731 1680 3795 Mundum
1711 3731 2035 3818 Spirituum
2070 3740 2336 3816 tempore
2366 3731 2657 3795 adventus
2682 3730 2805 3794 Do-

697 3828 838 3892 mini
874 3828 1015 3905 tuit,
1070 3840 1193 3894 tunt
1221 3853 1337 3918 qua
1381 3833 1643 3917 potentia
1675 3832 1964 3897 Dominus
2005 3829 2299 3894 infernum
2342 3832 2553 3916 dejecit
2592 3841 2652 3894 et
2691 3831 2806 3895 dis-

694 3928 939 4017 sipavit,
993 3940 1052 3993 et
1081 3941 1284 4015 postea
1312 3931 1452 3996 illud
1487 3953 1600 3996 una
1631 3955 1763 3996 cum
1793 3931 1974 3998 Caelo
2001 3933 2061 3994 in
2090 3932 2357 3996 ordinem
2385 3934 2645 4019 redegit,
2687 3952 2840 3996 non.

696 4039 887 4114 potest
918 4052 1037 4094 non
1073 4032 1517 4118 obstupescere,
1572 4042 1630 4096 et
1665 4032 2032 4109 exclamare,
2086 4031 2243 4118 quod
2277 4019 2473 4097 omnia
2517 4034 2616 4097 illa
2660 4053 2804 4120 pure

697 4128 981 4193 Divinum
1009 4131 1176 4215 Opus
1219 4131 1454 4195 fuerint.
1534 4132 1838 4208 Primum,
1897 4132 2095 4217 Quale
2133 4134 2212 4197 In
2245 4125 2450 4198 ernm‘n
2487 4149 2607 4208 est,
2664 4153 2804 4196 con-

698 4228 845 4293 sistit
872 4230 1014 4295 illud
1043 4250 1114 4294 ex
1143 4231 1510 4320 myriadibus
1540 4232 1870 4321 myriadum
1891 4280 1907 4308 ,
1962 4233 2241 4319 quoniam
2274 4257 2343 4298 ex
2372 4234 2648 4318 omnibus
2674 4233 2801 4309 itlis,
