3309 4775
540 318 582 371 1.
642 315 835 370 DbUS
879 315 1250 368 CREATOR.
1300 346 1362 356 -—
1411 316 1775 369 OMMPOT.
1819 316 2126 375 olulec.
2169 318 2478 371 OMMPR.
2557 331 2628 381 85

531 483 585 537 et
634 494 736 559 per
783 470 1127 534 continuum
1174 471 1364 535 nisum
1411 469 1717 556 redigendi
1766 470 1822 532 in
1876 471 2175 544 ordinem;
2231 472 2617 557 quamobrem

532 583 806 661 quantum
837 571 1016 634 homo
1043 571 1177 635 sinit
1205 592 1266 634 se
1296 571 1480 659 redigi
1510 572 1568 633 in
1599 570 1863 635 ordinem
1883 621 1898 647 ,
1954 582 2181 636 tantum
2211 573 2373 639 Deus
2406 574 2468 636 iu
2497 582 2623 640 toto

532 676 651 759 ejus
693 674 1135 760 omnipraesens
1177 681 1295 748 est,
1348 682 1780 759 cousequenter
1820 683 2044 737 tantun·
2092 684 2176 738 est
2203 674 2366 739 Deus
2407 675 2465 737 in
2504 673 2625 751 illo,

532 786 586 840 et
626 775 720 839 ille
761 776 820 837 in
851 774 998 837 Deo.
1080 771 1362 837 Absentia
1399 774 1507 837 Dei
1551 775 1626 837 ab
1669 772 1905 837 homine
1948 797 2065 838 non
2107 775 2232 862 plus
2272 774 2479 839 dabilis
2519 783 2624 852 est,

531 899 700 964 quam
732 875 1000 940 absentia
1027 874 1180 939 Solis
1214 896 1319 962 per
1351 873 1607 938 calorem
1649 883 1707 936 et
1745 874 1933 938 lucem
1979 897 2011 939 a
2057 875 2298 948 tellure:
2354 886 2413 940 at
2453 875 2626 962 hujus

531 980 760 1065 objecta
805 998 923 1039 non
961 984 1096 1039 sunt
1135 975 1193 1036 in
1237 976 1455 1039 virtute
1499 978 1654 1063 ejus,
1710 976 1818 1039 nisi
1863 986 2148 1061 quantum
2196 977 2481 1065 recipiunt
2523 978 2621 1043 illa

533 1079 645 1143 duo
677 1076 1056 1166 procedentia
1087 1076 1162 1139 ab
1189 1075 1290 1138 illo
1318 1076 1489 1152 Sole,
1548 1078 1704 1163 quod
1735 1075 1797 1139 fit
1839 1086 2103 1165 tempore
2145 1078 2299 1143 veris
2337 1087 2396 1142 et
2437 1088 2627 1143 aesta-

535 1182 635 1245 tis:
706 1179 856 1242 haec
897 1179 976 1241 ita
1026 1177 1307 1264 applicari
1362 1189 1600 1265 possunt
1652 1178 1764 1241 Dei
1818 1179 2401 1263 Omnipraesentiae,
2468 1180 2625 1265 quod

535 1280 709 1345 bomo
739 1290 964 1344 tantum
995 1281 1067 1343 sit
1095 1280 1152 1340 in
1183 1281 1377 1344 calore
1419 1280 1703 1365 spirituali
1749 1291 1805 1343 et
1846 1280 2015 1343 simul
2055 1282 2111 1342 in
2152 1281 2280 1345 luce
2319 1280 2623 1372 spirituali,

532 1380 642 1445 hoc
668 1391 781 1455 est,
839 1382 898 1442 in
930 1381 1084 1443 bono
1114 1381 1337 1444 amoris
1364 1390 1422 1443 et
1451 1382 1506 1442 in
1535 1381 1690 1443 veris
1717 1382 2069 1467 sapientiae,
2123 1392 2405 1467 quantum
2436 1383 2495 1444 in
2526 1406 2624 1446 or·

530 1482 663 1546 dine
691 1491 807 1551 est:
862 1469 970 1544 sed
993 1480 1153 1542 calor
1195 1490 1253 1542 et
1294 1481 1390 1543 lux
1429 1480 1777 1567 spiritualis,
1832 1502 1950 1545 non
1988 1491 2122 1546 sunt
2161 1483 2311 1547 sicut
2354 1484 2518 1548 calor
2561 1494 2624 1558 et

527 1581 623 1645 lux
649 1581 964 1655 naturaliS‚
1019 1601 1150 1643 nam
1186 1581 1352 1645 calor
1378 1582 1663 1645 naturalis
1688 1583 1910 1646 recedit
1938 1604 1971 1647 a
2000 1582 2241 1648 Tellure
2270 1593 2327 1646 et
2354 1584 2480 1669 ejus
2518 1585 2624 1648 ob·

528 1684 692 1767 jectis
721 1682 1081 1766 temporibus
1112 1682 1370 1771 hyemis,
1427 1693 1484 1746 et
1516 1683 1611 1746 lux
1641 1684 1864 1746 recedit
1902 1685 2261 1772 temporibus
2303 1686 2520 1762 noctis,
2567 1697 2625 1749 et

530 1783 642 1846 hoc
670 1782 730 1847 fit
757 1783 891 1869 quia
922 1782 1122 1848 Tellus
1151 1806 1255 1868 per
1284 1780 1830 1848 circunirotationes
1870 1800 1926 1848 et
1969 1786 2445 1851 circumlationes
2486 1811 2632 1851 suas·

528 1883 666 1949 facit
704 1887 801 1949 illa
845 1895 1144 1969 tempora;
1197 1884 1297 1949 sed
1340 1885 1504 1949 calor
1546 1886 1863 1971 spiritualis
1906 1897 1962 1949 et
2011 1887 2106 1951 lux
2148 1887 2464 1973 spiritualis
2506 1912 2623 1953 non

528 1987 604 2049 ita
628 2035 644 2061 ‚
699 1987 863 2050 Deus
893 1987 1044 2048 enim
1078 2008 1178 2070 per
1205 2007 1374 2049 suum
1404 1987 1603 2050 Solem
1631 2009 1907 2071 praesens
1936 2010 2065 2051 cum
2098 1999 2348 2074 utroque
2396 1999 2512 2066 est,
2566 2001 2625 2053 et

525 2109 645 2151 non
676 2090 832 2151 vices
862 2088 1011 2172 agit„
1044 2088 1193 2150 sicut
1222 2097 1573 2174 apparenter
1600 2088 1702 2152 Sol
1732 2089 1963 2160 mundi;
2006 2091 2124 2175 ipse
2158 2086 2336 2154 bomo
2363 2112 2425 2154 se
2454 2114 2622 2159 aver·

530 2191 596 2251 tit
627 2190 1029 2276 comparative
1055 2190 1204 2252 sicut
1232 2188 1434 2252 Tellus
1463 2211 1494 2251 a
1520 2212 1626 2252 suo
1654 2190 1822 2265 Sole,
1878 2200 1931 2252 et
1962 2212 2089 2252 cum
2121 2213 2180 2253 se
2212 2192 2488 2257 avertit‘a
2523 2217 2623 2260 ve·-

524 2291 604 2355 ris
630 2289 986 2376 sapientiae,
1040 2300 1125 2353 est
1153 2291 1303 2353 sicut
1336 2288 1504 2354 tellus
1532 2311 1563 2352 a
1593 2312 1700 2354 suo
1727 2290 1863 2355 Sole
1897 2292 2258 2377 temporibus
2291 2295 2510 2369 noctis,
2560 2306 2621 2357 et

508 2415 655 2469 ,cum
687 2391 867 2455 homo
897 2414 956 2454 se
985 2392 1195 2455 avertit
1229 2413 1260 2455 a
1294 2392 1463 2456 bonis
1491 2394 1738 2468 amoris,
1793 2403 1879 2456 est
1907 2394 2054 2458 sicut
2092 2393 2262 2456 tellus
2290 2416 2322 2457 a
2349 2419 2455 2459 suo
2484 2395 2622 2461 Sole

525 2494 891 2583 temporibus
925 2492 1181 2581 hyemis3
1239 2493 1369 2556 talis
1413 2494 1933 2581 correspondentia
1974 2504 2061 2558 est
2100 2497 2256 2558 inter
2293 2494 2535 2560 effectus
2567 2505 2626 2559 et
2740 2500 2748 2509 ‘

524 2617 664 2659 usus
694 2617 723 2656 e
751 2593 888 2657 Sole
924 2594 1130 2656 Mundi
1165 2595 1508 2682 spiritualis,
1568 2605 1621 2657 et
1664 2596 1820 2658 inter
1867 2593 2104 2658 effectus
2146 2603 2201 2658 et
2243 2617 2381 2659 usus
2420 2618 2451 2659 e
2487 2597 2628 2660 Sole

522 2695 737 2761 Mundi
769 2692 1065 2759 naturalis.
1723 2715 1729 2722 ·

705 3005 807 3063 71.
876 3000 987 3063 His
1031 2998 1383 3084 adjicientur
1430 2998 1541 3062 tria
1589 2997 2085 3074 MEMonAmmA,
2155 2996 2431 3062 Prummu
2473 2996 2620 3061 hoc:

522 3099 846 3183 Quondam
894 3101 1093 3164 andivi
1136 3100 1246 3163 sub
1293 3121 1384 3162 me
1428 3099 1575 3163 sicut
1619 3099 1927 3186 strepitum
1983 3100 2188 3173 maris,
2255 3108 2314 3162 et
2359 3099 2621 3186 quaesivi

524 3204 668 3288 quid
717 3200 861 3277 hoc,
917 3212 976 3264 et
1019 3202 1163 3264 dixit
1211 3199 1349 3262 mihi
1402 3201 1681 3287 quidam,
1743 3200 1899 3286 quod
1950 3210 2097 3264 esset
2144 3198 2426 3264 tumultus
2467 3199 2630 3264 inter

416 3363 423 3370 .
523 3301 937 3389 Congregatos
968 3303 1024 3365 in
1053 3304 1243 3367 Terra
1272 3302 1581 3377 inferiore,
1638 3322 1789 3389 quae
1821 3304 2080 3386 proxime
2110 3310 2195 3365 est
2221 3323 2396 3387 super
2433 3300 2622 3367 lnfer-

521 3427 639 3469 no:
693 3417 751 3467 et
798 3427 932 3467 mox
973 3403 1174 3467 hiabat
1214 3402 1454 3478 humus,
1509 3425 1661 3489 quae
1702 3401 1957 3466 faciebat
1998 3412 2213 3466 tectum
2260 3424 2435 3490 super
2472 3400 2621 3478 illos,

521 3515 583 3568 et
613 3527 752 3569 ecce
783 3529 887 3592 per
913 3505 1138 3568 hiatum
1168 3505 1486 3568 evolabant
1526 3506 1583 3567 in
1623 3505 1879 3569 catervis
1917 3525 2056 3567 aves
2095 3504 2313 3578 noctis,
2370 3525 2519 3590 quae
2559 3525 2622 3568 se

521 3603 934 3670 diffundebant
965 3607 1037 3669 ad
1069 3606 1396 3678 sinistrum;
1450 3614 1508 3668 et
1545 3606 1741 3671 statim
1787 3614 1915 3691 post
1956 3606 2085 3668 illos
2114 3606 2505 3689 exsurgebant
2533 3605 2621 3667 lo-

523 3715 765 3783 custae,
810 3730 959 3793 quae
989 3730 1163 3796 super
1190 3708 1455 3793 gramine
1484 3700 1642 3770 humi
1673 3707 1994 3780 saliebant,
2047 3715 2104 3768 et
2134 3706 2326 3770 ubivis
2353 3704 2621 3770 fecerunt

522 3807 860 3883 desertum,
913 3819 969 3896 et
1000 3818 1128 3896 post
1157 3807 1333 3897 paulo
1363 3809 1600 3872 alternis
1634 3808 1859 3871 vicibus
1899 3829 1968 3871 ex
2009 3808 2310 3872 nocturnis
2346 3806 2458 3872 illis
2496 3807 2623 3870 avi-

518 3908 641 3972 bus
679 3909 988 3973 audiebam
1022 3909 1171 3974 sicut
1214 3909 1501 3985 ululatus,
1556 3918 1615 3973 et
1653 3908 1727 3972 ad
1768 3910 1948 3982 latus,
2000 3909 2315 3971 clamorem
2359 3906 2623 3970 incondi-

515 4018 653 4074 tum
683 4011 832 4074 sicut
861 4032 934 4076 ex
960 4012 1203 4098 spectris
1229 4011 1287 4073 in
1312 4011 1512 4100 sylvis.
1588 4008 1732 4074 Post
1763 4009 1910 4081 haec
1939 4008 2054 4078 vidi
2095 4031 2235 4074 aves
2281 4007 2552 4097 pulchras
2589 4029 2635 4071 e.

518 4110 748 4187 Caelo,
802 4133 954 4198 quae
978 4134 1039 4176 se
1068 4110 1449 4176 effundebant
1489 4111 1561 4177 ad
1606 4111 1907 4186 dextrum,
1961 4132 2102 4175 aves
2142 4110 2275 4173 illae
2314 4109 2622 4193 insignitae

514 4211 768 4279 fuerunt
803 4214 907 4279 alis
932 4216 1082 4281 sicut
1112 4215 1335 4292 aureis,
1391 4234 1521 4278 cum
1564 4210 1932 4300 interspersis
1961 4212 2115 4277 striis
2156 4220 2212 4273 et
2255 4207 2434 4292 guttis
2470 4209 2620 4270 sicut
