3309 4775
989 479 1053 519 ΕΗ
1215 462 2263 542 υΝΙνΕΒὸΑιΤΙίΕΟΒΟὓΙΔ
2316 464 2385 520 Ν.
2429 464 2491 516 C.
2534 463 2643 515 ΕΤ
2682 463 2749 515 N.
2793 463 2858 515 E.

985 616 1472 705 ,Supralapsarius
1497 637 1570 680 ex
1598 616 1843 682 Batavis
1871 616 2044 689 dixit.:
2098 627 2261 683 estne
2286 616 2402 683 hoc
2441 618 2499 681 in
2541 617 2911 706 beneplacito
2940 618 3081 681 Om-

993 719 1340 807 nipotentis,
1392 740 1533 782 num
1578 716 1785 803 argilla
1835 718 2206 804 increpatura
2252 729 2339 785 est
2385 716 2661 805 figulum,
2709 719 2866 804 quod
2909 739 2978 783 ex
3017 742 3078 784 se

997 830 1198 885 testam
1227 819 1350 885 lotii
1379 818 1585 893 facian
1638 828 1697 882 et
1724 818 1874 883 alius
1910 819 2086 895 dixit,
2137 820 2293 885 salus
2320 820 2577 906 cujusvis
2601 820 2660 883 in
2689 841 2866 883 manu
2896 819 3079 906 Ipsius

993 931 1076 987 est
1102 922 1253 986 sicut
1281 921 1478 986 bilanx
1505 922 1564 983 in
1593 941 1770 984 manu
1800 920 2196 1008 ponderantis.
2248 922 2550 987 Steterunt
2579 922 2653 985 ad
2683 921 2867 985 latera
2896 921 3075 1009 aliqui

989 1023 1275 1110 simplices
1315 1021 1427 1087 fide
1469 1031 1527 1084 et
1569 1022 1712 1085 recti
1756 1021 1964 1097 corde,
2018 1021 2254 1109 quidam
2297 1022 2483 1087 oculis
2518 1020 2895 1097 inflammati,
2949 1022 3075 1109 qui-

993 1127 1123 1187 dam
1151 1123 1298 1187 sicut
1325 1121 1668 1210 stupefacti,
1721 1121 1959 1209 quidam
2002 1122 2154 1188 sicut
2193 1124 2500 1199 inebriati,
2552 1131 2610 1188 et
2653 1122 2887 1210 quidam
2931 1124 3079 1187 sicut

989 1222 1283 1299 suffocati,
1339 1225 1712 1288 mussitantes
1758 1225 1914 1287 inter
1955 1245 2049 1301 se,
2110 1223 2246 1311 quid
2293 1225 2464 1288 nobis
2508 1246 2639 1288 cum
2687 1224 2799 1287 illis
2840 1224 3075 1298 deliriis,

993 1327 1133 1390 fides
1162 1324 1395 1390 illorum
1426 1323 1739 1389 infatuavit
1766 1324 1913 1400 illos,
1952 1347 2103 1412 quae
2130 1336 2217 1390 est
2249 1326 2404 1412 quod
2435 1325 2594 1391 Deus
2622 1326 2800 1391 Pater
2833 1325 3076 1414 imputet

993 1426 1267 1507 iustitiam
1311 1424 1443 1489 Filii
1484 1426 1573 1489 sui
1613 1426 1707 1488 cui
1750 1424 1873 1488 vult
1914 1436 1972 1488 et
2002 1427 2237 1513 quando
2268 1428 2420 1501 vult,
2474 1436 2530 1489 et
2573 1428 2764 1490 mittat
2791 1427 3070 1513 Spiritum

989 1531 1265 1591 Sanctum
1312 1528 1386 1590 ad
1432 1526 1794 1613 operandum
1847 1526 2101 1611 justitiae
2153 1528 2316 1592 istius
2364 1536 2840 1599 auctoramenta;
2892 1537 2949 1590 et
3001 1548 3071 1589 ne

989 1631 1163 1691 ltnmo
1190 1629 1299 1693 sibi
1328 1649 1575 1712 granum
1610 1625 1864 1691 vindicet
1893 1627 1948 1690 in
1977 1629 2182 1693 salutis
2219 1650 2361 1694 suae
2402 1630 2754 1703 ministerio,
2808 1630 2916 1693 erit
2947 1651 3071 1692 om·

989 1731 1124 1794 nino
1150 1730 1299 1806 sicut
1325 1730 1472 1817 lapis
1500 1728 1557 1789 in
1593 1726 2021 1813 justificationis
2048 1731 2319 1816 negotio,
2369 1740 2427 1792 et
2453 1731 2604 1794 sicut
2643 1730 2820 1817 stipes
2859 1730 2916 1792 in
2958 1732 3075 1817 spi·

993 1831 1331 1912 ritualibus:
1385 1840 1442 1892 et
1476 1838 1614 1892 tunc
1642 1829 1877 1915 quidam
1912 1849 1985 1890 ex
2010 1830 2121 1895 illis
2148 1832 2381 1895 intrusit
2418 1853 2481 1895 se
2519 1831 2576 1892 in
2609 1830 2959 1906 Cohortem,
3016 1838 3073 1893 et

989 1939 1260 2019 loquutus
1287 1934 1404 1995 alte
1433 1930 1602 2005 dixit,
1658 1953 1693 1992 o
1719 1930 2047 2005 dementes,
2098 1933 2470 1996 ratiocinatio
2500 1942 2693 1996 vestra
2723 1941 2808 1995 est
2834 1932 2907 1995 de
2936 1932 3073 1995 lana

993 2034 1262 2121 caprina:
1313 2030 1549 2095 nescitis
1591 2032 1792 2115 plane,
1846 2034 2004 2118 quod
2034 2032 2194 2097 Deus
2220 2033 2610 2120 Omnipotens
2636 2034 2709 2096 sit
2739 2033 2860 2118 ipse
2886 2033 3071 2105 Ordo,

989 2147 1041 2195 et
1089 2134 1246 2218 quod
1291 2133 1448 2218 leges
1474 2131 1714 2196 Ordinis
1750 2132 1865 2196 sint
1904 2132 2229 2223 myriades,
2282 2145 2423 2222 quot
2465 2135 2739 2198 nimirum
2781 2135 3075 2198 veritates

993 2235 1049 2295 in
1076 2234 1310 2308 Verbo,
1361 2243 1416 2295 et
1447 2233 1602 2318 quod
1634 2244 1837 2298 contra
1879 2234 2007 2298 illas
2047 2256 2164 2298 non
2206 2236 2382 2324 possit
2416 2234 2653 2309 facere,
2707 2236 2841 2321 quia
2878 2235 3078 2299 facere

993 2345 1196 2401 contra
1242 2333 1400 2411 illas,
1451 2333 1602 2400 foret
1648 2343 1852 2401 contra
1897 2334 2198 2422 Seipsum,
2250 2346 2308 2401 et
2354 2337 2436 2403 sic
2482 2358 2602 2401 non
2648 2337 2823 2402 modo
2869 2344 3077 2401 contra

983 2437 1307 2514 Justitiam,
1351 2436 1452 2500 sed
1494 2435 1671 2499 etiam
1719 2446 1923 2503 contra
1958 2438 2459 2527 anipoteutiam
2505 2461 2704 2511 suam;
2757 2447 2815 2502 et
2861 2437 3006 2501 vidit
3043 2459 3081 2502 e

993 2539 1311 2625 longinquo
1344 2538 1417 2600 ad
1448 2536 1719 2601 dextrum
1748 2537 1897 2602 sicut
1927 2560 2097 2603 ovem
2140 2548 2197 2604 et
2238 2559 2488 2626 agnum,
2538 2549 2598 2603 et
2637 2541 2930 2604 volantem
2979 2561 3083 2602 co·

985 2641 1280 2717 lumbam,
1336 2648 1393 2702 et
1439 2639 1511 2701 ad
1561 2639 1859 2702 sinistrum
1903 2639 2050 2704 sicut
2095 2639 2352 2717 hircum,
2408 2641 2606 2728 lupum
2653 2649 2712 2703 et
2760 2640 3076 2714 vulturem,

985 2752 1039 2804 ct
1080 2741 1254 2816 dixit,
1307 2739 1540 2805 creditis
1581 2739 1738 2825 quod
1775 2739 1937 2805 Deus
1979 2762 2049 2805 ex
2085 2740 2529 2831 Omnipotentia
2569 2763 2674 2805 sua
2718 2742 2895 2828 possit
2934 2761 3083 2803 con-

989 2851 1227 2905 vertere·
1247 2840 1469 2905 hircum
1499 2838 1659 2903 illum
1689 2840 1746 2903 in
1775 2864 1981 2918 ovem,
2038 2843 2131 2906 vel
2158 2842 2359 2929 lupum
2387 2842 2546 2906 illum
2582 2841 2638 2903 in
2674 2861 2923 2928 agnum,
2981 2840 3080 2905 vel

993 2943 1279 3006 vulturem
1308 2942 1468 3006 illum
1500 2942 1556 3003 in
1588 2941 1949 3018 columbam,
2004 2953 2105 3008 aut
2135 2944 2384 3008 vicissim
2407 2992 2424 3021 ,
2478 2943 2751 3019 minime,
2802 2952 2885 3007 est
2916 2943 3077 3006 enim

985 3053 1186 3106 rnntra
1229 3042 1384 3129 leges
1425 3043 1645 3107 ordinis
1695 3043 1911 3129 Ipsius,
1967 3067 1999 3107 e
2040 3046 2252 3133 quibus
2292 3068 2366 3108 ne
2408 3045 2641 3132 quidem
2687 3064 2830 3132 apex
2879 3054 3079 3131 potest

985 3144 1191 3206 cadere
1220 3144 1276 3206 in
1307 3155 1555 3218 terram,
1607 3146 1928 3208 secundum
1959 3144 2145 3230 Ipsius
2176 3143 2387 3219 νει-53,
2416 3145 2741 3234 ’quomodo
2769 3154 2908 3208 tuuc
2937 3152 3072 3231 pot-

985 3256 1069 3308 est
1109 3245 1388 3329 justitiam
1432 3245 1851 3330 redemptionis
1882 3244 2015 3309 Filii
2055 3246 2142 3309 sui
2172 3245 2389 3311 inferre
2418 3247 2474 3309 in
2506 3247 2757 3332 aliquem
2791 3244 3082 3309 refracta-

985 3348 1128 3408 rium
1160 3357 1363 3411 contra
1406 3347 1565 3430 leges
1604 3345 1860 3430 justitiae
1890 3328 2122 3432 Ipsiuss
2159 3349 2453 3432 quomodo
2494 3356 2681 3435 potest
2723 3346 2845 3433 ipsa
2884 3345 3080 3410 Justi-

981 3448 1057 3512 tia
1099 3447 1437 3534 injustitiam
1481 3445 1709 3519 facere,
1763 3457 1820 3508 et
1863 3443 2114 3530 aliquem
2157 3450 2592 3533 praedestinare
2637 3448 2709 3510 ad
2754 3446 3079 3521 infernum,

981 3560 1033 3612 vt
1065 3549 1353 3635 conjicere
1380 3548 1439 3608 in
1470 3549 1697 3631 ignem,
1751 3547 1822 3608 ad
1854 3567 2026 3629 quem
2054 3546 2319 3614 diabolus
2362 3573 2491 3614 cum
2533 3549 2761 3615 facibus
2799 3549 2860 3611 in
2889 3569 3080 3611 manu

977 3659 1091 3713 stat
1144 3660 1200 3713 et
1260 3648 1584 3717 fomentat;
1654 3669 1689 3708 o
1743 3647 2078 3723 dementes,
2149 3650 2321 3714 vacui
2371 3651 2608 3737 spiritu,
2671 3647 2817 3714 fides
2871 3659 3080 3713 vestra

977 3751 1203 3816 seduxit
1232 3771 1371 3822 vos,
1427 3757 1587 3811 estne.
1619 3746 1715 3809 illa
1746 3749 1803 3810 in
1835 3747 2101 3814 manibus
2129 3751 2337 3814 vestris
2361 3753 2508 3815 sicut
2542 3752 2784 3838 laqueus
2809 3750 2884 3814 ad
2928 3770 3079 3837 cap·

977 3851 1216 3916 tandum
1250 3848 1581 3918 columbas;
1639 3848 1723 3912 his
1750 3849 1987 3921 auditis,
2044 3851 2280 3936 quidam
2310 3854 2522 3939 Magus
2562 3876 2631 3916 ex
2661 3850 2771 3915 lide
2803 3851 2895 3914 illa
2927 3850 3080 3914 iecit

973 3952 1121 4016 sicut
1163 3953 1468 4037 laqueum,
1525 3958 1582 4011 et
1610 3951 1885 4038 appendit
1925 3951 1983 4014 in
2010 3954 2257 4027 arbore,
2312 3953 2542 4029 dicens,
2595 3953 2865 4018 videbitis
2906 3954 3078 4037 quod

977 4061 1315 4136 captaturus
1359 4050 1469 4113 sim
1519 4051 1849 4116 columbam
1897 4052 2089 4126 illam,
2140 4062 2197 4116 et
2242 4075 2377 4117 mox
2420 4054 2721 4119 advolavit
2766 4053 3079 4138 accipiter,

977 4172 1045 4208 uc
1073 4149 1282 4212 collum
1316 4150 1616 4215 insertavit
1644 4153 1889 4240 laqueo,
1944 4163 2001 4216 et
2042 4152 2351 4240 pependit,
2402 4165 2461 4218 et
2501 4155 2772 4219 columba
2810 4155 2933 4218 viso
2964 4174 3079 4216 ac-

981 4248 1183 4328 r-ipitre
1214 4249 1701 4334 praetervolavit;
1757 4252 2054 4316 adstantes
2090 4252 2286 4314 mirati
2326 4263 2487 4329 sunt,
2543 4265 2599 4318 et
2640 4254 3084 4331 clamaverunt,

985 4344 1073 4404 hic
1101 4345 1266 4412 ludus
1295 4372 1472 4437 usque
1505 4361 1590 4416 est
1619 4360 2132 4418 auctoramentum
2174 4352 2444 4436 justitiae.
