3309 4775
690 392 759 439 22
925 378 1392 433 UNIVERSA
1433 381 1974 436 TREOLOGIA
2014 383 2081 436 N.
2126 383 2190 437 C.
2229 384 2342 436 ET
2381 384 2450 438 N.
2492 385 2557 437 Ε.

687 530 947 624 pondus;
992 532 1097 597 sed
1146 554 1267 597 non
1306 534 1389 597 ita
1429 533 1477 598 si
1523 553 1679 598 unus
1717 534 1821 610 sit,
1882 544 1942 599 et
1985 555 2109 599 non
2154 544 2289 601 tres.
2369 533 2477 601 Ast
2518 537 2800 625 percipio,

687 632 846 720 quod
889 642 1010 697 tres
1050 633 1299 698 Divinas
1340 634 1670 711 Personas,
1726 656 1979 722 quarum
2033 636 2400 722 unaquaevis
2443 657 2546 723 per
2589 658 2652 702 se
2692 662 2799 703 seu

683 733 1024 821 singulatim
1065 733 1232 798 Deus
1269 742 1389 810 est,
1434 734 1642 799 dicatis
1683 757 1865 799 unum
1913 727 2143 812 Deum,
2189 746 2248 800 et
2287 736 2685 822 injunxeritis,
2730 747 2797 801 ut

687 834 934 922 quisque
963 833 1021 897 in
1049 833 1316 900 Ecclesia
1361 834 1441 897 ita
1486 833 1796 922 loquatur,
1833 843 2075 924 propter
2114 858 2386 913 causam,
2434 838 2571 924 quia
2612 838 2797 903 Ratio

682 933 978 999 illustrata
1014 943 1075 998 et
1116 956 1258 1000 sana
1300 934 1361 997 in
1401 935 1697 1001 Universo
1739 944 2031 1001 terrarum
2073 936 2240 1001 Orbe
2286 938 2583 1023 agnoscit,
2634 940 2794 1025 quod

686 1034 860 1101 Unus
900 1034 1063 1111 Deus
1103 1035 1208 1110 sit,
1260 1043 1322 1098 et
1348 1035 1481 1100 ideo
1521 1035 1747 1124 pudore
1789 1034 2307 1111 suffunderemini,
2363 1036 2412 1102 si
2453 1058 2571 1100 non
2612 1038 2791 1103 etiam

685 1156 794 1198 vos
819 1134 1209 1220 loqueremini
1237 1134 1538 1207 similiter;
1593 1145 1655 1199 at
1693 1158 1883 1224 usque
1921 1135 2062 1201 dum
2096 1158 2279 1201 unum
2308 1136 2502 1200 Deum
2536 1159 2795 1226 pronun-

684 1235 874 1310 tiatis,
922 1235 1154 1299 tametsi
1185 1235 1457 1322 cogitatis
1486 1244 1640 1310 tres,
1696 1258 1815 1301 non
1846 1245 2047 1300 tamen
2088 1236 2278 1324 pudor
2304 1236 2400 1300 ille
2427 1237 2675 1302 intrabit
2700 1238 2796 1301 bi-

684 1356 790 1399 nas
816 1333 947 1398 illas
975 1356 1151 1399 voces
1176 1337 1238 1397 in
1267 1356 1365 1411 os,
1413 1335 1513 1399 sed
1545 1337 1906 1423 eloquimini.
1983 1337 2096 1401 His
2141 1336 2311 1400 dictis
2350 1345 2409 1399 et
2456 1338 2669 1403 auditis
2699 1360 2796 1402 re-

683 1436 856 1501 cessit
884 1435 1206 1521 Episcopus
1247 1457 1380 1500 cum
1423 1435 1540 1500 suis
1567 1437 1916 1512 Canonicis,
1960 1448 2020 1500 et
2046 1438 2106 1501 in
2134 1436 2470 1501 recedendo
2495 1441 2794 1505 convertit

681 1555 779 1612 se,
818 1544 878 1599 et
910 1534 1094 1598 voluit
1121 1536 1484 1611 exclamare,
1529 1548 1616 1601 est
1644 1537 1813 1602 Unus
1839 1537 2037 1614 Deus,
2075 1540 2177 1603 sed
2220 1559 2338 1601 non
2380 1538 2602 1623 potuit,
2649 1539 2791 1625 quia

682 1635 964 1722 cogitatio
995 1637 1121 1722 ejus
1148 1635 1393 1701 retraxit
1434 1636 1695 1723 linguam
1737 1638 1891 1723 ejus,
1942 1647 2000 1701 et
2043 1649 2184 1703 tunc
2211 1638 2451 1702 diducto
2492 1659 2597 1702 ore
2633 1640 2793 1703 effla·

680 1736 770 1803 vit
809 1745 930 1800 tres
984 1737 1160 1801 Deos.
1262 1735 1612 1813 Adstantes,
1670 1739 1785 1802 hoc
1836 1747 2113 1826 portento
2164 1739 2293 1804 viso
2338 1736 2598 1803 riserunt
2649 1759 2788 1803 cum

681 1835 1003 1913 cachinno,
1045 1846 1104 1900 et
1130 1836 1463 1900 abiverunt.

837 1941 936 2000 17.
989 1937 1206 2002 Postea
1234 1937 1532 2024 quaesivi,
1583 1939 1828 2002 ubinam
1858 1936 2218 2003 offenderem
2247 1960 2319 2003 ex
2348 1937 2609 2003 Eruditis
2637 1939 2793 2014 illos,

681 2037 783 2124 qui
827 2036 1166 2102 acutissimo
1204 2037 1444 2121 ingenio
1481 2049 1651 2114 sunt,
1711 2047 1770 2101 et
1811 2060 1917 2127 pro
1961 2037 2256 2103 Trinitate
2299 2038 2516 2103 Divina
2558 2040 2617 2102 in
2668 2051 2795 2106 tres

679 2136 978 2203 Personas
1006 2134 1192 2202 divisa
1217 2146 1409 2210 stant3
1455 2151 1514 2203 et
1541 2140 1792 2203 aderant
1821 2149 1973 2214 tres,
2016 2139 2104 2203 ad
2121 2161 2269 2225 quos
2298 2139 2445 2213 dixi,
2483 2139 2796 2225 quomodo

681 2236 927 2326 potestis
953 2236 1232 2302 Divinam
1260 2238 1619 2303 Trinitatem
1647 2240 1707 2302 in
1736 2251 1855 2304 tres
1880 2241 2177 2305 Personas
2202 2240 2499 2315 dividere,
2547 2248 2605 2302 et
2633 2262 2795 2305 asse·

682 2359 847 2414 rere,
896 2338 1053 2424 quod
1081 2338 1445 2426 unaquaevis
1472 2339 1738 2405 Persona
1781 2362 1887 2427 per
1925 2360 1987 2406 se
2026 2361 2130 2405 seu
2159 2339 2497 2426 singulatim
2526 2339 2600 2404 sit
2629 2340 2798 2433 Deus

679 2448 742 2502 et
783 2438 1107 2514 Dominus,
1151 2460 1370 2504 numne
1413 2442 1496 2504 sic
1540 2441 1831 2506 confessio
1872 2440 2022 2514 oris,
2076 2442 2234 2527 quod
2278 2442 2442 2505 Deus
2483 2441 2654 2505 Unus
2691 2443 2792 2519 sit,

678 2547 908 2603 tantum
939 2559 972 2602 a
1004 2540 1359 2625 cogitatione
1392 2541 1598 2618 distat,
1640 2551 1928 2627 quantum
1970 2541 2242 2606 meridies
2279 2563 2312 2605 a
2351 2542 2796 2627 septentrione;

674 2640 753 2705 ad
783 2638 940 2726 quod
968 2639 1437 2729 responderunt,
1481 2663 1599 2705 non
1626 2641 1810 2706 hilum
1843 2642 2051 2716 distat,
2097 2642 2232 2727 quia
2275 2643 2465 2706 tribus
2509 2641 2835 2732 Personis⁸

675 2751 763 2805 est
791 2740 925 2804 Una
955 2739 1253 2817 Essentia,
1296 2751 1354 2804 et
1384 2741 1602 2805 Divina
1636 2742 1903 2807 Essentia
1946 2749 2033 2807 est
2074 2741 2267 2814 Deus;
2324 2763 2433 2807 nos
2468 2741 2687 2807 fuimus
2722 2741 2789 2804 iu

676 2841 903 2906 Mundo
932 2842 1192 2907 Tutores
1218 2841 1534 2907 Trinitatis
1560 2843 1998 2916 Personarum,
2046 2862 2117 2904 ac
2143 2841 2443 2928 Pupillus,
2488 2842 2653 2924 cnjus
2693 2852 2789 2905 tu-

676 2940 857 3003 telam
897 2942 1212 3025 gessimus,
1264 2941 1375 3006 fuit
1414 2940 1560 3006 tides
1599 2951 1835 3019 nostra,
1876 2944 1935 3005 in
1980 2961 2094 3028 qua
2123 2943 2491 3027 unaquaevis
2518 2943 2790 3007 Persona

677 3038 899 3105 Divina
925 3050 1149 3125 partem
1179 3064 1345 3105 suam
1382 3052 1556 3105 nacta
1588 3051 1712 3117 est,
1767 3044 1930 3108 Deus
1955 3042 2138 3106 Pater
2175 3042 2334 3106 illam
2367 3054 2591 3129 partem
2621 3042 2787 3129 qnod

681 3139 931 3227 imputet
958 3160 1030 3203 ac
1057 3142 1269 3218 donet,
1308 3141 1470 3206 Deus
1498 3143 1684 3207 Filius
1708 3142 1867 3207 illam
1898 3144 2056 3229 quod
2089 3142 2418 3207 intercedat
2458 3152 2517 3206 et
2547 3143 2786 3218 mediet,

671 3247 738 3302 et
766 3238 928 3303 Deus
954 3239 1204 3325 Spiritus
1228 3241 1482 3305 Sanctus
1509 3243 1672 3307 illam
1700 3243 1859 3328 quod
1890 3243 2294 3330 imputationis
2322 3252 2380 3306 et
2412 3242 2790 3307 mediationis

677 3361 820 3404 usus
849 3339 1078 3404 efficiat.
1151 3338 1228 3405 At
1259 3342 1554 3426 quaesivi,
1599 3341 1739 3428 quid
1772 3363 1875 3429 per
1904 3342 2180 3408 Divinam
2211 3342 2540 3415 Essentiasn
2568 3343 2786 3406 intelli-

675 3440 841 3526 gitis,
887 3439 1193 3516 dixerunt,
1241 3440 1621 3528 intelligimus
1667 3442 2212 3529 omnipotentiam,
2266 3444 2788 3516 Omniscientiam,

674 3539 1286 3625 omnipraesentiam‚
1354 3541 1848 3617 immensitatem,
1913 3542 2377 3616 Aeternitatem‚
2437 3542 2784 3631 Aequalita-

673 3650 792 3704 tem
820 3639 1179 3724 Maiestatis3
1228 3641 1302 3706 ad
1331 3663 1483 3728 quae
1515 3642 1654 3716 dixi,
1693 3642 1741 3706 si
1774 3642 2040 3708 Essentia
2080 3642 2178 3706 illa
2221 3642 2368 3707 facit·
2399 3664 2471 3707 ex
2515 3643 2785 3730 pluribus

668 3740 783 3807 diis
813 3740 1033 3816 Unum,
1079 3741 1321 3828 potestis
1349 3740 1545 3805 adhuc
1572 3743 1769 3828 plures
1797 3742 2032 3816 addere,
2072 3753 2135 3810 nt
2165 3766 2271 3830 pro
2302 3745 2571 3832 exemplo
2599 3764 2781 3830 quar-

669 3851 814 3916 tum,
862 3842 962 3927 qui
1004 3840 1160 3929 apud
1192 3843 1423 3916 Mosen,
1465 3841 1835 3907 Ezechielem
1875 3852 1932 3906 et
1973 3844 2238 3907 Hiobum
2273 3854 2667 3920 memoratur,
2718 3852 2780 3906 et

667 3951 922 4007 vocatur
965 3941 1132 4006 Deus
1175 3939 1500 4007 Schaddaiz
1557 3941 1830 4009 similiter
1873 3943 2051 4007 etiam
2110 3942 2381 4008 fecerunt
2424 3942 2669 4031 Antiqui
2716 3943 2779 4006 in

667 4040 918 4107 Graecia
948 4051 1008 4106 et
1039 4041 1243 4118 Italia,
1284 4042 1382 4129 qui
1425 4041 1633 4131 parilia
1662 4044 1950 4108 attributa
1978 4053 2037 4109 et
2063 4043 2148 4108 sic
2172 4044 2421 4109 similem
2462 4044 2782 4110 essentiam

665 4143 1120 4229 assignaverunt
1144 4141 1266 4208 suis
1304 4142 1444 4220 diis,
1486 4152 1553 4208 ut
1587 4143 1879 4221 Saturno,
1921 4144 2100 4221 Jovi,
2148 4145 2468 4232 Neptuno,
2513 4143 2782 4218 Plutoni,

668 4236 962 4329 Apollini,
1008 4241 1270 4319 Jnnoni,
1308 4242 1570 4320 Dianae,
1613 4243 1962 4323 Minervae,
2007 4245 2128 4310 imo
2166 4244 2345 4310 etiam
2387 4244 2689 4311 Mercurio
2719 4253 2786 4309 et
