3309 4775
826 378 868 427 1.
952 376 1179 433 DEUS
1221 375 1668 428 CREA'rou.
1714 405 1779 416 —-
1827 373 2157 427 UNITAS
2201 373 2370 425 DEI.
2578 387 2642 434 21

535 531 868 595 naturalem
900 538 959 592 et
986 528 1315 592 sensualem
1340 576 1356 604 ,
1403 528 1521 591 imo
1551 529 1915 592 materialem
1961 527 2151 590 ideam
2171 576 2187 602 ‚
2230 527 2565 613 captaveris
2591 539 2650 594 ct

537 631 778 704 foveas,
825 654 894 694 ex
935 651 1054 716 qua
1096 629 1521 710 inevitabiliter
1562 628 1692 691 fluit
1730 630 1859 691 idea
1905 629 2082 692 trium
2125 630 2425 702 Deorum3
2482 640 2646 694 estne

531 732 883 796 sensualiter
924 730 1185 815 cogitare
1222 728 1294 791 de
1329 730 1459 793 Deo
1488 729 1702 805 Patre,
1750 729 1905 817 quod
1948 731 2148 793 sedeat
2182 750 2362 812 super
2397 728 2647 796 'Phrone

535 854 670 895 cum
699 831 949 916 Sceptro
976 830 1034 892 in
1064 850 1264 904 manu,
1299 840 1357 893 et
1388 830 1458 891 de
1488 829 1664 905 Filio,
1704 829 1862 914 quod
1893 850 2069 915 super
2096 851 2203 893 suo
2230 827 2481 893 Throno
2511 851 2647 893 cum

537 930 775 995 Corona
805 952 984 1018 super
1011 930 1222 1017 capite,
1254 941 1312 994 et
1342 930 1412 993 de
1440 929 1663 1013 Spiritu
1690 929 1944 1004 Sancto,
1988 930 2146 1015 quod
2175 950 2354 1015 super
2380 952 2488 994 suo
2517 952 2648 995 curn

535 1031 829 1096 Columba
858 1032 917 1093 in
945 1052 1157 1104 manu,
1204 1039 1262 1094 et
1289 1029 1447 1115 qnod
1485 1030 1808 1093 secundum
1839 1030 2168 1093 auscultata
2200 1040 2508 1117 percurrat
2533 1039 2654 1095 ter-

541 1153 746 1195 rarum
788 1131 1049 1202 Orbem3
1110 1139 1169 1192 et
1217 1132 1353 1217 quia
1400 1129 1532 1193 talis
1576 1130 1706 1193 idea
1751 1129 1886 1192 inde
1929 1130 2204 1204 resultat,
2250 1150 2368 1194 non
2415 1152 2649 1218 possum

543 1231 717 1295 dictis
746 1231 861 1295 tuis
887 1230 1212 1316 adjungere
1240 1228 1449 1293 fidem:
1505 1249 1617 1314 ego
1646 1232 1801 1292 enim
1835 1230 1910 1293 ab
1940 1230 2185 1293 infantia
2228 1250 2359 1293 mea
2406 1253 2522 1293 non
2552 1253 2653 1317 po·

543 1332 629 1394 tui
657 1333 714 1392 in
749 1341 1002 1394 mentem
1050 1352 1239 1394 meam
1284 1330 1457 1393 aliam
1503 1329 1696 1393 ideam
1726 1350 1902 1416 quam
1935 1330 2136 1393 Unius
2163 1330 2281 1393 Dm
2321 1330 2656 1405 admittere,

540 1441 602 1494 et
637 1454 765 1493 cum
805 1429 955 1495 hanc
981 1430 1172 1494 solum
1202 1430 1408 1493 admisi
1451 1439 1509 1491 et
1551 1431 1810 1503 retineo,
1854 1430 2070 1490 cadunt
2114 1430 2270 1512 apud
2310 1451 2407 1494 me
2451 1433 2649 1495 omnia

537 1530 636 1594 illa
667 1552 823 1616 qnae
855 1531 1077 1601 dixisti;
1123 1539 1182 1593 et
1224 1540 1362 1592 tun-c
1402 1528 1552 1602 vidi,
1595 1529 1753 1615 quod
1795 1550 1899 1614 per
1930 1529 2273 1604 Thronum,
2316 1552 2495 1616 super
2530 1553 2647 1616 quo

536 1629 817 1695 Jehovab
845 1630 1169 1695 secundnm
1199 1629 1562 1715 Scripturam
1606 1630 1820 1693 dicitur
1847 1630 2084 1704 sedere,
2139 1631 2502 1716 intelligatur
2528 1631 2649 1694 Re-

534 1751 750 1815 gnum,
799 1753 900 1816 per
925 1732 1237 1817 Sceptrum
1267 1740 1324 1794 ct
1356 1730 1654 1794 Coronam
1687 1731 1979 1816 Regimen
2016 1741 2073 1793 et
2116 1732 2490 1807 Dominium,
2544 1753 2649 1817 per

536 1832 744 1895 sedere
786 1833 858 1894 ad
901 1833 1165 1895 dextram
1199 1831 1643 1917 Omnipotentia
1673 1832 1783 1894 Dei
1828 1853 1931 1918 per
1960 1831 2307 1894 Humanum
2339 1853 2544 1903 suum;
2592 1841 2649 1897 et

539 1933 698 2017 quod
734 1953 838 2018 per
864 1932 983 2008 illa,
1028 1954 1178 2017 quae
1209 1933 1280 1994 de
1309 1931 1529 2018 Spiritu
1556 1930 1779 1994 Sancto
1809 1930 2213 2018 perhibentur,
2257 1933 2652 2019 operationes

539 2032 793 2095 Divinae
841 2033 1426 2118 Omnipraesentiae:
1481 2053 1712 2095 assume
1754 2031 2037 2108 Domine,
2084 2032 2130 2094 si
2180 2033 2401 2116 placet,
2456 2034 2645 2098 ideam

542 2132 749 2196 Uanus
776 2133 925 2206 Dm,
973 2142 1030 2195 et
1074 2133 1234 2197 illam
1276 2134 1388 2195 rite
1428 2131 1603 2194 volve
1646 2132 1705 2194 in
1735 2132 2071 2196 Ratiocinio
2119 2142 2249 2206 tuo,
2305 2141 2363 2194 et
2408 2134 2646 2197 tandem

540 2234 846 2319 perspicue
875 2232 1314 2319 deprehendes,
1356 2232 1515 2318 quod
1544 2233 1622 2294 ita
1653 2232 1743 2296 sit.
1822 2234 1942 2297 Vos
1971 2232 2206 2317 quim-m
2237 2233 2412 2297 etiam
2441 2233 2651 2310 dicitis,

538 2335 698 2419 quod
727 2334 889 2398 Deus
921 2356 1072 2399 unus
1097 2335 1190 2408 sit,
1223 2335 1281 2396 e‘t
1312 2331 1426 2394 hoc
1456 2333 1591 2420 quia
1625 2332 1950 2398 Essentiam
1981 2332 2171 2398 facitis
2201 2354 2378 2398 unam
2414 2343 2472 2398 et
2500 2355 2647 2422 quo-

540 2456 656 2518 que
699 2435 1064 2499 individuam
1107 2437 1282 2499 trium
1314 2431 1544 2496 illarum
1577 2433 2009 2508 Personarum,
2056 2436 2217 2520 atqui
2256 2456 2375 2500 non
2407 2436 2649 2521 permit-

537 2535 661 2597 titis
691 2545 753 2596 ut
783 2536 993 2622 aliquis
1022 2537 1207 2609 dicat,
1252 2535 1409 2621 quod
1443 2556 1593 2598 unus
1619 2534 1714 2597 ille
1745 2535 1908 2599 Deus
1947 2535 2021 2598 sit
2062 2557 2175 2598 una
2206 2533 2503 2609 Persona,
2546 2535 2647 2600 sed

537 2634 696 2718 quod
745 2657 926 2721 usque
965 2637 1080 2700 sint
1126 2647 1277 2710 tres,
1335 2647 1392 2696 et
1435 2634 1548 2697 hoc
1593 2633 1817 2711 facitis,
1863 2657 1938 2698 ne
1982 2635 2112 2698 idea
2159 2636 2334 2699 trium
2382 2636 2656 2709 deorum,

536 2732 730 2819 qualis
761 2745 952 2799 vestra
983 2745 1102 2811 est,
1148 2743 1382 2823 pereat3
1443 2746 1501 2798 et
1531 2757 1768 2820 quoque
1800 2734 2083 2799 addicatis
2112 2736 2296 2797 cuivis
2326 2735 2652 2822 proprieta-

535 2843 655 2896 tem
696 2845 1026 2919 separatam
1058 2837 1134 2900 ab
1162 2837 1438 2908 atterius,
1486 2856 1681 2898 annon
1726 2836 1809 2898 sic
1835 2834 2166 2898 Essentiam
2196 2845 2452 2898 vestram
2483 2834 2653 2899 Divi-

535 2954 673 2996 nam
704 2936 994 3007 dividitis;
1039 2936 1276 3020 quando
1306 2936 1385 2998 ita
1415 2943 1522 3008 est,
1566 2934 1869 3018 quomodo
1900 2935 2097 2999 dicere
2126 2935 2366 3022 potestis
2394 2945 2450 2998 et
2476 2935 2649 2999 simul

538 3035 803 3118 cogitare
852 3037 1009 3121 quod
1058 3036 1228 3100 Unus
1277 3035 1439 3098 Deus
1483 3034 1589 3105 sit;
1644 3035 2043 3120 ignoscerem,
2103 3037 2151 3099 si
2182 3033 2443 3100 dixeritis
2487 3035 2647 3121 quod
2713 3108 2722 3115 ‚

536 3156 722 3196 unum
757 3135 1035 3199 Divinum
1066 3136 1176 3200 sit:
1225 3136 1529 3222 quomodo
1559 3135 1724 3219 quis,
1765 3135 1901 3197 dum
1933 3137 2128 3211 audit,
2170 3135 2330 3219 quod
2355 3135 2549 3199 Pater
2570 3140 2649 3200 sit

537 3234 746 3310 Deus,
792 3235 995 3300 Filius
1031 3241 1111 3300 sit
1151 3237 1354 3308 DeuS,
1398 3233 1662 3326 Spiritus
1713 3233 1974 3304 Sanctus
2023 3240 2102 3299 sit
2145 3235 2342 3308 Dea-r,
2390 3249 2445 3300 et
2483 3235 2652 3328 quod

536 3341 911 3424 unaquaevis
935 3338 1218 3402 Persona
1245 3334 1598 3425 singulatim
1626 3338 1705 3399 sit
1733 3336 1931 3411 Deus,
1979 3345 2167 3422 potest
2196 3336 2459 3420 cogitare
2490 3338 2647 3421 qnod

537 3458 690 3499 unus
718 3436 879 3501 Deus
917 3439 1238 3511 sit,·estne
1282 3436 1704 3508 contradictio,
1755 3436 1846 3498 cui
1888 3436 2029 3499 fides
2076 3456 2364 3521 nusquam
2405 3437 2648 3522 adjungi

534 3545 758 3621 potest;
806 3539 962 3622 quod
1007 3559 1128 3602 non
1174 3537 1287 3600 dici
1328 3535 1506 3621 possit
1551 3557 1701 3599 unus
1748 3536 1927 3611 Deus,
1971 3537 2072 3599 sed
2109 3534 2299 3601 simile
2344 3535 2650 3611 Divinum,

536 3635 817 3698 illustrari
868 3646 1057 3721 potest
1099 3659 1206 3722 per
1243 3636 1421 3707 haec;
1471 3636 1543 3700 de
1592 3637 1857 3722 pluribus
1898 3635 2268 3713 bominibus,
2333 3636 2431 3722 qui
2476 3634 2651 3702 simul

534 3756 718 3797 unum
759 3736 1079 3811 Senatum,
1126 3737 1521 3826 Synedrium,
1571 3746 1673 3799 aut
1702 3737 2029 3801 Concilium
2069 3736 2483 3813 conformant,
2529 3757 2654 3801 non

538 3843 730 3919 potest
764 3835 875 3898 dici
907 3837 1061 3922 quod
1095 3859 1242 3900 unus
1271 3837 1459 3899 homo
1478 3836 1622 3912 sint,
1674 3837 1776 3900 sed
1823 3838 1960 3903 dum
2004 3837 2277 3901 omnibus
2318 3847 2374 3901 et
2404 3836 2651 3923 singulis

533 3955 656 3996 una
686 3937 974 4001 sententia
1002 3946 1118 4011 est,
1160 3945 1349 4024 potest
1383 3935 1496 4000 dici
1539 3937 1698 4022 quod
1740 3959 1921 4001 unum
1963 3937 2251 4000 sentiant:
2306 3959 2414 4001 nec
2458 3946 2648 4023 potest

533 4034 608 4097 de
641 4035 827 4100 tribus
854 4037 1266 4102 adamantibus
1308 4038 1481 4102 unius
1502 4038 1885 4101 substantiae
1916 4037 2028 4101 dici
2050 4084 2065 4112 ,
2111 4035 2267 4123 quod
2313 4059 2463 4100 unus
2489 4034 2650 4100 Ada-

528 4154 659 4198 mas
684 4136 832 4212 sint3
883 4134 987 4202 sed
1025 4139 1183 4225 quod
1227 4159 1407 4201 unum
1439 4136 1635 4226 quoad
1682 4138 2070 4202 substantiam
2115 4137 2258 4207 sint,
2317 4146 2374 4198 et
2414 4155 2649 4220 quoque

528 4235 781 4323 quisque
819 4236 1079 4304 Adamas
1120 4239 1195 4303 ab
1240 4240 1428 4303 altero
1469 4235 1700 4302 differat
1743 4237 1932 4327 pretio
1978 4236 2299 4301 secundum
2346 4236 2676 4320 proprium·
