3309 4775
599 460 644 512 1.
684 458 877 513 DEUS
921 457 1291 511 GREATOR.
1340 489 1404 498 —
1469 457 1833 511 ommn’o'r.
1876 458 2181 515 OMNISC.
2227 460 2539 516 OMNIPR.
2618 473 2688 524 37

599 635 714 677 non
747 613 873 700 plus
915 632 1090 697 quani
1133 610 1351 675 idolum
1382 609 1876 676 Philisthaeorum
1917 611 1974 674 in
2013 612 2283 688 Ekrone‚
2335 613 2579 700 Dagon,
2634 627 2691 681 et

601 713 735 779 inde
764 714 920 800 quod
951 712 1174 776 homini
1203 712 1557 800 impossibile
1584 714 1655 776 sit
1685 732 1747 777 se
1761 710 2110 793 *justificarffi
2148 715 2305 799 quod
2335 714 2435 778 fiet
2463 736 2566 801 pei·
2594 717 2692 782 Fi-

601 817 732 880 dem
763 826 820 878 et
847 815 1238 885 Charitatem;
1289 812 1388 877 sed
1425 813 1496 876 ad
1524 812 1671 876 haec
1697 813 1884 877 solum
1923 814 2033 877 hoc
2078 816 2380 903 respondi,
2436 816 2559 880 Le'x
2594 839 2690 896 or-

597 917 748 981 dinis
777 919 952 979 etiam
981 924 1103 989 est,
1155 925 1221 977 ut
1245 913 1426 978 homo
1454 935 1558 978 sua
1598 935 1775 1001 opera
1805 925 1863 978 et
1894 916 2151 1001 potentia
2181 916 2291 980 sibi
2317 927 2688 1004 comparatu-

599 1039 702 1083 rus
738 1019 812 1082 sit
856 1016 1029 1081 fidem
1071 1036 1173 1102 per
1218 1019 1494 1080 veritates
1529 1036 1601 1078 ex
1625 1015 1865 1091 Verbo,
1918 1025 1976 1078 et
2015 1025 2210 1080 tamen
2250 1017 2479 1094 credet,
2534 1021 2688 1106 quod

601 1140 724 1182 non
756 1138 1003 1205 granum
1043 1115 1178 1180 fidei
1218 1117 1292 1180 sit
1332 1139 1366 1181 a
1402 1125 1618 1191 semet,
1670 1115 1775 1179 sed
1812 1136 1845 1179 a
1890 1117 2047 1193 Deo,
2104 1129 2225 1182 tum
2272 1118 2481 1195 etiam,
2536 1120 2690 1208 quod

606 1218 787 1288 homo
814 1241 918 1284 sua
948 1239 1125 1304 opera
1154 1227 1213 1280 et
1242 1216 1498 1306 potentia
1527 1238 1588 1280 se
1614 1216 2033 1300 justificaturus
2057 1221 2162 1295 sit,
2214 1220 2314 1283 sed
2344 1229 2543 1284 tamen
2569 1243 2695 1285 cre-

608 1320 740 1396 det,
793 1319 949 1407 quod
987 1340 1061 1381 ne
1102 1319 1333 1402 quidem
1378 1329 1652 1405 punctum
1696 1318 2121 1403 justificationis
2150 1321 2222 1383 sit
2256 1341 2288 1383 a
2319 1330 2536 1397 semet,
2590 1323 2691 1387 sed

606 1445 640 1485 a
688 1423 850 1485 Deo:
906 1440 1099 1483 nonne
1148 1420 1488 1482 mandatum
1539 1427 1655 1494 cst,
1709 1419 1864 1504 qnod
1913 1419 2088 1483 homo
2137 1415 2468 1486 crediturus
2512 1424 2584 1487 sit
2632 1424 2687 1487 in

606 1523 797 1585 Deum
818 1570 834 1596 ‚
886 1530 944 1583 et
975 1529 1276 1584 amaturus
1304 1520 1492 1584 Deum
1523 1521 1795 1584 omnibus
1820 1521 1938 1584 suis
1967 1522 2219 1596 viribus,
2264 1530 2320 1584 et
2365 1526 2689 1608 proximum

605 1633 671 1684 ut
717 1624 1001 1708 seipsum,
1056 1622 1247 1706 cogita
1294 1631 1352 1683 et
1406 1621 1526 1692 dic,
1583 1620 1879 1707 quomodo
1925 1619 2072 1686 haec
2122 1632 2437 1710 potuerunt
2483 1645 2517 1688 a
2562 1625 2691 1690 Deo

603 1722 904 1797 mandari,
959 1724 1006 1787 si
1031 1722 1253 1785 homini
1288 1721 1444 1785 nulla
1490 1722 1749 1808 potentia
1781 1721 2090 1787 obediendi
2135 1733 2192 1787 et
2233 1724 2483 1788 faciendi
2521 1725 2691 1791 foret.

605 1826 717 1889 His
747 1824 960 1888 auditis
983 1823 1234 1888 Satanas
1274 1824 1370 1887 ille
1400 1833 1654 1888 mutatus
1682 1832 1766 1885 est
1796 1825 1989 1908 quoad
2023 1825 2231 1889 faciem
2251 1872 2267 1900 ,
2314 1848 2461 1912 quae
2491 1847 2524 1890 a
2555 1848 2690 1890 can-

601 1926 736 1990 dida
769 1926 1019 2011 primum
1062 1925 1216 1989 sacta
1258 1933 1344 1988 est
1387 1924 1609 1999 lurida,
1663 1934 1722 1986 et
1762 1944 1896 1987 mox
1939 1936 2105 2001 atra,
2161 1936 2217 1991 et
2259 1948 2329 1990 ex
2374 1926 2546 2013 hujus
2588 1949 2692 1991 ore

604 2028 883 2113 loquutus
912 2027 1086 2101 dixit,
1137 2027 1411 2111 loquutus
1438 2047 1501 2089 es
1527 2024 1819 2113 paradoxa
1851 2037 2053 2096 contra
2085 2027 2412 2115 paradoxa3
2454 2038 2511 2091 et
2541 2028 2693 2093 illico

607 2139 748 2191 tunc
774 2128 1029 2192 subsedit
1059 2127 1131 2190 ad
1159 2150 1325 2201 suoS,
1364 2135 1421 2188 et
1449 2127 1718 2198 evanuit;
1774 2148 1842 2189 ac
1869 2148 2011 2191 aves
2048 2151 2078 2192 a
2119 2128 2363 2193 sinistris
2401 2152 2514 2192 una
2557 2152 2688 2194 cum

603 2230 848 2314 spectris
878 2228 1185 2293 ediderunt
1216 2250 1393 2293 sonos
1418 2220 1712 2301 insolitos,
1767 2236 1823 2291 et
1861 2250 1921 2292 se
1955 2229 2015 2292 in
2044 2251 2237 2304 mare,
2292 2231 2448 2317 quod
2476 2230 2554 2293 ihi
2587 2253 2690 2295 vo·

606 2341 776 2395 catur
819 2351 978 2394 mare
1016 2328 1213 2415 suph,
1266 2328 1675 2412 conjecerunt,
1728 2340 1782 2392 et
1829 2328 2088 2395 locustae
2128 2333 2526 2419 sequebantur
2563 2330 2693 2396 illos

602 2433 876 2507 saltibus,
927 2443 985 2496 et
1030 2433 1344 2496 mundatus
1389 2441 1473 2496 est
1530 2438 1663 2508 a‘er,
1718 2439 1775 2491 et
1821 2432 2095 2496 mundata
2139 2445 2225 2496 est
2273 2443 2427 2498 terra
2474 2454 2508 2497 a
2554 2432 2695 2498 feris

601 2532 746 2608 illis,
797 2530 865 2595 ac
894 2534 1177 2598 tumultus
1204 2532 1354 2597 infra
1386 2534 1666 2608 cessavit,
1719 2540 1777 2593 et
1822 2525 2060 2597 factum‘
2089 2543 2175 2598 est
2217 2533 2595 2621 tranquillum
2639 2543 2698 2597 et

601 2655 893 2699 serenum.

760 2739 864 2798 72.
937 2735 1285 2799 SECUNDUM
1324 2734 1768 2799 Memmium.
1832 2734 2145 2816 Quondam
2204 2734 2403 2799 audivi
2444 2732 2699 2799 insolens

605 2858 876 2899 murmur
902 2859 934 2900 e
964 2837 1283 2921 longinquo
1304 2883 1318 2908 ,
1371 2845 1427 2897 et
1468 2856 1579 2919 ego,
1605 2836 1661 2897 in
1693 2835 1896 2920 spiritu
1941 2844 2219 2919 sequutus
2246 2858 2373 2899 sum
2403 2835 2695 2899 tramitem

605 2937 770 3012 soni,
822 2947 880 2999 et
933 2936 1181 3010 accessi,
1233 2957 1412 3019 quum
1468 2936 1541 2998 ad
1596 2936 1941 3023 principium
1989 2935 2114 3020 ejus
2158 2937 2323 3013 veni,
2387 2957 2522 3000 ecce
2570 2947 2696 2999 erat

609 3037 838 3102 Cohors
878 3038 1185 3127 spirituum
1225 3036 1701 3101 ratiocinantium
1745 3036 1816 3099 de
1846 3035 2283 3101 Immunem
2319 3047 2379 3101 et
2415 3037 2697 3102 Pneue-

606 3159 1012 3215 srmnionss,
1053 3147 1221 3200 erant
1248 3137 1465 3201 Batavi
1496 3146 1551 3198 et
1578 3138 1886 3212 Britanni,
1928 3147 1986 3199 et
2013 3137 2193 3223 aliqui
2221 3158 2294 3201 ex
2319 3137 2446 3203 aliis
2475 3138 2698 3226 Regnis

607 3241 961 3318 intermixti,
1014 3251 1070 3301 et
1123 3239 1181 3300 hi
1237 3240 1296 3300 in
1349 3237 1465 3301 tine
1521 3236 1884 3324 singularum
1935 3239 2227 3301 rationum
2272 3240 2694 3315 clamaverunt,

609 3341 948 3416 Miramur,
992 3340 1328 3415 Miramur-‚-
1378 3339 1726 3426 disceptatio
1763 3338 1901 3414 fuit,
1957 3361 2063 3403 cur
2097 3340 2253 3403 Deus
2281 3362 2399 3405 non
2429 3340 2699 3405 omnibus

608 3452 665 3505 et
689 3442 934 3527 singulis
961 3463 994 3506 a
1021 3463 1084 3506 se
1114 3441 1352 3515 creatis,
1405 3449 1463 3504 et
1493 3451 1692 3527 postea
1722 3449 1786 3504 ut
1812 3441 2126 3526 redemptis
2152 3443 2401 3529 imputat
2428 3442 2697 3506 meritum

607 3552 667 3606 et
693 3541 974 3625 justitiam
1005 3542 1137 3607 Filii
1165 3542 1286 3618 sui,
1338 3551 1500 3606 estne
1529 3542 1947 3629 Omnipotens;
2005 3553 2269 3628 potestne
2302 3542 2349 3605 si
2377 3544 2501 3609 vult
2530 3541 2702 3606 Luci-

608 3642 832 3720 ferum,
865 3645 1233 3717 Draconem,
1270 3653 1327 3706 et
1354 3665 1559 3709 omnes
1589 3644 1807 3708 Hircos
1833 3642 2030 3707 facere
2058 3642 2498 3728 Archangelos,
2540 3653 2701 3706 estne

613 3743 1033 3831 Omnipotens3
1100 3767 1205 3808 cur
1259 3744 1540 3833 permittit
1592 3754 1655 3809 ut
1709 3743 1987 3827 injustitia
2043 3766 2113 3808 ac
2164 3745 2432 3831 impietas
2486 3743 2703 3808 diaboli

611 3844 932 3933 triumphet
958 3867 1135 3933 super
1160 3846 1440 3932 justitiam
1466 3847 1598 3912 Filii
1627 3846 1746 3920 sui,
1800 3854 1858 3908 et
1896 3867 2069 3934 super
2107 3846 2380 3932 pietatem
2409 3847 2701 3910 cultorum

611 3945 756 4021 Dei,
810 3946 952 4032 quid
980 3946 1205 4011 facilius
1232 3948 1361 4012 Deo
1392 3958 1514 4022 est,
1567 3968 1743 4033 quam
1774 3968 1976 4011 omnes
2015 3947 2244 4032 dignari
2280 3945 2391 4010 lide
2420 3956 2479 4009 et
2505 3946 2588 4010 sic
2612 3967 2702 4009 sa·

608 4047 769 4123 lule,
820 4047 959 4134 quid
987 4071 1133 4135 opus
1158 4049 1268 4113 nisi
1297 4047 1546 4113 verbulo
1575 4047 1646 4111 ad
1677 4045 1825 4120 hoc;
1877 4057 1936 4110 et
1962 4047 2008 4111 si
2039 4068 2156 4111 non
2175 4096 2191 4124 ,
2243 4046 2457 4111 facitne
2497 4054 2704 4109 contra

609 4148 799 4212 verba
824 4168 962 4226 sua,
1017 4170 1167 4237 quae
1193 4157 1357 4225 sunt,
1409 4149 1565 4236 quod
1598 4148 1739 4215 velit
1766 4147 2025 4211 omnium
2060 4147 2340 4224 salutem,
2392 4155 2450 4209 et
2491 4146 2705 4208 nullius

610 4259 901 4324 mortem;
956 4248 1128 4314 dicite
1155 4250 1387 4339 itaque,
1439 4271 1473 4314 a
1505 4271 1620 4338 quo
1648 4257 1708 4313 et
1733 4249 1791 4311 in
1820 4271 1939 4335 quo
1968 4268 2111 4333 ergo
2139 4258 2225 4310 est
2256 4266 2427 4308 causa
2462 4246 2702 4306 damna-

608 4349 788 4417 tionis
830 4350 1064 4418 illorum
1097 4351 1195 4441 qui
1225 4361 1491 4442 pereunt.
1568 4351 1644 4415 Et
1685 4359 1824 4416 tunc
1862 4348 2101 4434 quidam
2129 4341 2703 4422 Praedestinatianus
