3309 4775
978 368 1050 423 11.
1132 367 1545 424 DOMINUS
1587 370 2175 427 REDEMPTOR.
2533 383 2638 434 1⁰7

539 523 702 609 potui
735 521 985 608 amplius
1011 523 1265 585 retinere
1296 522 1477 586 risum
1498 570 1516 597 ,
1569 522 1711 608 quin
1743 532 2081 608 erumperet
2121 534 2178 587 et
2205 523 2349 598 dixi,
2396 524 2640 600 Satana,

534 623 756 688 insanis
783 621 1163 696 insaniendo,
1215 623 1353 707 quid
1380 631 1446 684 tu
1477 642 1686 698 nunc,·
1712 645 1847 687 esne
1874 624 1933 685 in
1963 624 2152 687 forma
2182 624 2379 699 bomo,
2424 647 2640 689 numne

534 723 833 809 loqueriS,
892 723 1082 798 vides,
1135 722 1334 798 audis,
1388 722 1671 807 gradiriS,
1726 723 2138 798 reminiscere,
2209 723 2364 810 quod
2425 725 2641 790 vixeris

526 825 595 885 in
638 824 754 886 alio
784 824 1052 899 Mundo,
1108 822 1272 906 cujus
1312 822 1530 886 oblitus
1569 846 1660 895 ες,
1717 833 1775 887 et
1816 824 1971 910 quod
2015 846 2172 888 nunc
2212 834 2340 910 post
2389 836 2636 889 mortem

536 923 738 998 vivas,
792 933 850 986 et
877 925 1035 1008 quod
1064 923 1340 1009 loquutus
1366 923 1445 987 sis
1473 946 1712 1010 prorsus
1737 924 1889 988 sicut
1920 925 2112 1010 prius3
2160 934 2225 988 et
2270 924 2428 988 data.
2452 934 2540 989 est
2586 926 2641 988 ei

535 1024 1007 1098 reminiscentia,
1060 1034 1117 1085 et
1143 1025 1492 1088 recordatus
1518 1034 1638 1098 est,
1691 1034 1748 1087 et
1779 1033 1920 1087 tunc
1952 1024 2158 1111 puduit
2186 1025 2345 1088 illum
2367 1074 2383 1099 ,
2438 1035 2493 1088 et
2524 1026 2639 1089 cla·

537 1125 753 1200 mavit,
802 1126 1069 1199 insanio,
1126 1125 1242 1188 vidi
1288 1125 1515 1187 eaelum
1545 1142 1756 1211 supra,
1811 1134 1869 1188 et
1905 1124 2109 1189 audivi
2152 1126 2394 1210 angelos
2434 1125 2511 1188 ibi
2553 1123 2641 1190 lo·-

536 1233 755 1311 quutos
784 1224 1137 1299 ineffabilia,
1191 1224 1292 1288 sed
1334 1224 1449 1288 hoc
1488 1224 1881 1310 quandobuc
1928 1246 2117 1314 nuper
2154 1225 2325 1297 allui;
2380 1236 2438 1288 at
2485 1246 2641 1288 nunc

533 1326 806 1389 retinebo
834 1324 947 1387 hoc
976 1333 1326 1389 narraturus
1351 1326 1527 1390 sociis
1554 1325 1729 1398 meis,
1785 1348 1816 1387 a
1850 1327 2061 1411 quibus
2093 1326 2339 1398 recessi,
2389 1334 2452 1387 et
2485 1324 2640 1389 sorte

534 1434 683 1489 tunc
707 1414 948 1510 pudebit
976 1427 1106 1490 illos
1133 1425 1428 1492 similiter;
1483 1446 1553 1487 ac
1581 1424 1767 1488 tenuit
1796 1426 1852 1487 in
1885 1447 1987 1488 ore
2024 1424 2181 1511 quod
2222 1424 2351 1489 illos
2394 1434 2640 1489 vocaret

533 1526 803 1600 insanos,
856 1527 956 1589 sed
1002 1527 1155 1590 sicut
1202 1524 1537 1600 descendit,
1590 1523 1812 1589 oblivio
1857 1526 2074 1611 expulit
2121 1525 2638 1600 reminiscentiam,

532 1634 754 1688 etcum
785 1626 1056 1704 ibierat,
1110 1625 1388 1689 insanivit
1417 1625 1829 1701 consimiliter,
1884 1637 1942 1689 et
1968 1625 2208 1690 vocavit
2238 1625 2371 1700 illa,
2424 1646 2574 1710 quae
2604 1647 2637 1688 a

533 1747 626 1790 me
655 1726 901 1799 audivit,
956 1727 1229 1790 insanias.
1273 1748 1278 1752 ·
1313 1725 1476 1790 Talis
1504 1736 1590 1788 est
1617 1734 1804 1788 status
1832 1726 2209 1810 cogitationis
2256 1735 2314 1788 et
2358 1728 2638 1789 sermoci-

532 1826 789 1889 nationis
815 1826 1173 1890 Satanarum
1223 1835 1350 1910 post
1392 1834 1678 1889 mortem:
1734 1836 2027 1889 vocantur
2064 1825 2324 1890 Satanae
2369 1825 2483 1900 illi,
2539 1826 2637 1910 qui

532 1924 1042 1990 confirmaveiunt
1087 1928 1240 2013 apud
1279 1948 1342 1991 se
1381 1924 1527 1989 falsa
1566 1947 1751 2011 usque
1801 1926 1874 1989 ad
1919 1924 2126 2000 fidem,
2179 1935 2235 1988 et
2281 1926 2518 1990 Diaboli
2555 1924 2637 1987 illi

530 2026 640 2112 qui
670 2026 1174 2094 confirmaverunt
1203 2027 1357 2090 mala
1386 2026 1540 2112 apud
1567 2047 1629 2090 se
1659 2047 1760 2114 per
1793 2026 1990 2093 vitam.
2035 2050 2042 2057 ·

1124 2359 1448 2427 CAPUT
1499 2360 1805 2426 SECUN
1826 2359 2047 2425 DUM.

779 2539 929 2620 DE
992 2535 1475 2621 DOMINO
1537 2535 2374 2645 REDEMPTORE.

691 2735 793 2792 81.
851 2730 917 2791 ln
952 2729 1129 2814 priori
1159 2729 1364 2815 Capite
1397 2739 1593 2793 actum
1625 2740 1707 2793 est
1750 2732 1821 2793 de
1849 2731 1979 2794 Deo
2009 2729 2327 2802 Creatore,
2376 2740 2430 2792 et
2474 2730 2646 2792 simul

532 2840 678 2894 tunc
706 2830 779 2892 de
809 2829 1159 2905 Creatione,
1214 2833 1270 2891 in
1307 2828 1422 2891 hoc
1465 2838 1666 2893 autem
1694 2830 1899 2917 Capite
1943 2830 2235 2914 agendum
2279 2838 2364 2892 est
2410 2828 2479 2891 de
2524 2828 2647 2893 Do·

534 2930 698 2994 mino
726 2931 1162 3015 Redemptore,
1220 2939 1276 2991 et
1315 2930 1488 2993 simul
1527 2931 1704 2993 etiam
1733 2930 1804 2991 de
1837 2929 2302 3014 Redemptione‚
2353 2939 2412 2993 et
2453 2930 2510 2991 in
2555 2952 2645 2992 se·-

533 3040 752 3117 quente
781 3031 985 3116 Capite
1015 3031 1086 3093 de
1113 3029 1333 3116 Spiritu
1363 3029 1618 3104 Sancto,
1672 3038 1731 3092 et
1768 3029 1942 3093 simul
1981 3029 2052 3092 de
2085 3027 2300 3092 Divina
2331 3030 2647 3113 Operatio-

534 3152 638 3194 ne:
711 3153 816 3217 per
873 3131 1196 3195 Dominum
1252 3130 1749 3214 Redemptorem,
1802 3128 2181 3212 intelligimus
2230 3129 2525 3194 Jehovam
2584 3129 2642 3191 in

535 3232 853 3302 Humano;
909 3253 1042 3294 nam
1087 3231 1243 3316 quod
1291 3231 1422 3315 lpse
1449 3215 1726 3292 Jeho'vah
1757 3230 2154 3301 descenderit,
2211 3239 2268 3291 et
2299 3231 2641 3293 Humanum

533 3334 891 3405 assumserit,
939 3341 1178 3417 propter
1208 3329 1382 3393 finem
1417 3337 1476 3391 ut
1506 3329 1996 3418 Redemptionem
2029 3339 2262 3417 ageret,
2302 3330 2359 3391 in
2389 3351 2642 3416 sequen-

533 3432 690 3495 tibus
719 3432 1235 3496 demonstrabitur.
1319 3430 1494 3511 Quod
1536 3430 1769 3492 dicatur
1797 3430 2086 3498 Dominus
2116 3442 2172 3492 et
2203 3453 2316 3492 non
2346 3428 2644 3504 Jehovah,

534 3540 621 3595 est
651 3552 827 3595 causa
857 3533 992 3616 quia
1020 3531 1296 3594 Jehovab
1336 3532 1391 3592 in
1423 3529 1623 3594 Veteri
1652 3531 2039 3594 Testamento
2073 3541 2324 3594 vocatur
2352 3530 2644 3594 Dominus

531 3630 592 3694 in
620 3632 832 3706 Novo,
879 3642 941 3693 ut
970 3640 1241 3695 constare
1274 3640 1463 3717 potest
1492 3652 1562 3693 ex
1590 3629 1710 3702 his;
1760 3629 1972 3692 dicitur
2001 3631 2155 3716 apud
2184 3632 2393 3696 Mosen
2424 3629 2649 3706 „Audi

532 3730 762 3805 Israel,
819 3732 1124 3796 JEEoVAn
1171 3731 1343 3795 DEus
1387 3744 1620 3805 noster,
1672 3730 1974 3809 JEEovAn
2022 3754 2181 3793 unus
2222 3744 2344 3793 est:
2406 3730 2643 3795 amabis

530 3831 846 3896 JEROVAM
882 3831 1087 3895 DEUM‘
1123 3854 1204 3895 ex
1248 3844 1372 3895 toto
1415 3830 1594 3896 corde
1636 3844 1774 3905 tuo,
1829 3843 1886 3893 et
1928 3853 2010 3893 ex
2051 3844 2177 3894 tota
2223 3834 2429 3894 anima
2460 3840 2642 3905 .tua‚‘-‘

529 3932 740 3996 Deutr.
795 3931 912 3997 Vl:
965 3934 1021 3994 4.
1074 3937 1130 3994 5.
1202 3940 1263 3996 at
1303 3931 1458 4017 apud
1505 3932 1780 3995 Marcum
1836 3929 2179 4005 „Dolumus
2226 3930 2397 3994 DEUS
2440 3945 2647 3995 noster

529 4032 830 4096 Dominus
879 4057 1037 4096 utens
1080 4045 1203 4095 est.-
1256 4014 1490 4096 amcibis
1543 4030 1872 4095 Domuum
1914 4029 2112 4095 DEmu
2157 4043 2329 4094 tuum
2381 4055 2465 4093 ex
2499 4043 2643 4094 doto

531 4130 718 4196 corde
758 4145 893 4206 tuo,
943 4146 1002 4197 et
1039 4156 1121 4196 ex
1167 4145 1294 4196 tota
1333 4134 1540 4196 anima
1569 4141 1714 4196 tua“
1770 4129 1914 4218 Cap.
1944 4130 2092 4194 XII:
2146 4135 2249 4193 29.
2287 4134 2390 4193 30.
2461 4128 2641 4202 Tum,

527 4231 686 4319 apud
718 4230 954 4317 Esaiam
1008 4233 1285 4311 „Parate
1313 4235 1482 4297 viam
1523 4231 1851 4304 JEHOVAE,
1904 4228 2284 4321 complanate
2326 4232 2387 4290 in
2430 4225 2642 4290 solitu-
