3309 4775
639 340 744 389 106
876 327 1336 388 UNIVERSA
1380 326 1914 380 'l'llEOLOGlA
1958 327 2021 379 N.
2066 325 2129 379 C.
2170 326 2280 378 ΕΤ
2321 326 2389 381 Ν.
2431 326 2495 377 Ε.

634 489 833 545 menta
861 490 1032 567 capta
1060 502 1127 544 ex
1160 481 1461 557 Meteoris,
1490 501 1641 567 quae
1672 480 1880 543 ludunt
1907 500 2105 543 coram
2134 478 2319 542 oculis
2346 477 2600 566 plurium
2628 477 2743 554 hic,

633 593 848 647 suntne
895 581 1125 655 omnia,
1182 602 1332 666 quae
1380 603 1559 667 super
1601 571 1844 645 Tellure
1885 589 2206 666 apparent,
2258 600 2291 642 a
2340 579 2477 643 Sole
2517 588 2741 655 creata,

637 703 857 746 numne
886 683 1042 746 omni
1074 677 1332 745 adventu
1361 682 1486 769 ejus
1515 691 1780 767 ternpore
1808 681 1964 744 veris
1994 690 2316 744 nascuntur
2336 680 2580 743 Vermes
2607 702 2739 744 cum

637 784 746 847 alis
771 793 828 846 et
857 783 1081 869 absque
1110 782 1247 857 alis,
1301 791 1357 844 et
1392 802 1464 846 ex
1491 782 1689 846 calore
1719 781 1843 865 ejus
1880 781 2165 846 Volucres
2200 801 2261 844 se
2303 790 2506 844 mutuo
2535 791 2740 845 amant

635 892 696 946 et
724 881 1086 969 prolificant,
1139 891 1199 946 et
1225 883 1416 946 Terra
1458 890 1624 946 aestu
1671 881 1796 966 ejus
1837 881 2129 970 tepefacta
2170 881 2392 944 semina
2441 881 2640 945 educit
2679 882 2740 944 in

636 984 903 1069 germina
925 1030 941 1057 ,
982 993 1039 1048 et
1070 982 1305 1047 tandem
1336 982 1397 1045 in
1424 980 1651 1047 fructus
1680 992 1742 1045 ut
1773 982 1966 1067 proles
1985 1031 2000 1057 ,
2040 1003 2237 1046 annon
2264 981 2349 1045 sic
2377 981 2740 1047 Universum

638 1092 727 1149 est
759 1084 950 1158 Deus,
994 1093 1053 1147 et
1078 1084 1310 1149 Natura
1340 1092 1429 1148 est
1455 1082 1612 1158 Dea,
1654 1093 1714 1147 et
1743 1083 1888 1146 haec
1915 1082 2286 1147 utUniversi
2313 1081 2566 1165 conjunx
2598 1103 2742 1145 con-

640 1185 812 1271 cipit,
869 1184 1053 1270 parit,
1106 1184 1353 1258 educat,
1405 1192 1463 1246 et
1516 1185 1619 1247 alit
1675 1184 1791 1249 illa.
1893 1184 2086 1248 Porro
2138 1183 2540 1269 interrogavi,
2598 1183 2742 1268 quid

639 1284 825 1348 credit
867 1283 1132 1348 Societas
1177 1286 1336 1369 ejus,
1387 1295 1447 1347 et
1491 1284 1622 1359 ille,
1679 1286 1750 1347 de
1793 1283 2141 1370 Religione;
2197 1284 2529 1369 respondit,
2582 1283 2740 1370 quod

640 1382 878 1469 Religio
917 1383 1086 1446 nohis
1124 1405 1264 1471 prae
1291 1383 1471 1469 vulgo
1498 1385 1771 1460 eruditis,
1823 1386 1941 1448 non
1982 1385 2056 1448 sit
2096 1385 2201 1447 nisi
2235 1407 2410 1469 quam
2450 1383 2740 1446 fascinum

641 1483 856 1570 plebis,
906 1485 1062 1570 quod
1094 1487 1311 1548 circum
1340 1485 1618 1550 sensitiva
1660 1495 1719 1548 et
1758 1485 2102 1570 imaginaria
2145 1484 2376 1548 illorum
2417 1483 2627 1547 mentis
2653 1493 2745 1548 est

638 1585 786 1648 sicut
814 1605 992 1658 aura,
1044 1583 1105 1647 in
1134 1606 1248 1671 qua
1280 1586 1483 1650 volant
1514 1586 1745 1672 pietatis
1784 1585 1951 1649 ideae
1991 1594 2274 1671 tanquam
2317 1586 2638 1674 papiliones
2683 1586 2743 1647 in

641 1690 807 1760 aiire,
857 1695 915 1748 et
945 1683 1088 1748 fides
1115 1686 1384 1762 illorum,
1439 1707 1590 1771 quae
1621 1688 1919 1750 connectit
1949 1686 2107 1749 ideas
2141 1686 2268 1749 illas
2293 1689 2440 1750 sicut
2483 1687 2538 1746 iu
2580 1694 2744 1748 cate⁴

638 1806 808 1858 nam,
864 1795 1143 1870 tanquam
1179 1786 1443 1876 bombyx
1472 1790 1529 1847 in
1560 1787 1803 1850 volvulo
1829 1787 2049 1860 serico,
2103 1808 2135 1849 e
2173 1808 2292 1872 quo
2320 1785 2520 1849 evolat
2549 1794 2609 1848 ut
2638 1806 2745 1848 rex

639 1886 1036 1972 papilionum;
1088 1896 1248 1949 amat
1291 1889 1445 1950 enim
1494 1887 1848 1952 Communio
1891 1887 2184 1950 inerudita
2231 1887 2518 1969 imagines
2560 1906 2742 1973 supra

639 1985 929 2049 sensualia
975 1986 1238 2071 corporis
1279 1997 1337 2049 et
1383 1988 1516 2050 inde
1558 1987 1963 2074 cogitationis,
2020 1996 2261 2072 propter
2302 1986 2632 2073 cupidinem
2680 1994 2746 2049 ut

642 2085 880 2159 volent,
935 2086 1015 2148 it‘a
1046 2086 1221 2149 etiam
1251 2087 1471 2151 faciunt
1499 2088 1607 2151 sihi
1636 2088 1792 2162 alas,
1847 2099 1909 2151 ut
1936 2088 2085 2153 sicut
2115 2088 2347 2173 aquilae
2390 2088 2622 2150 elevent
2661 2107 2747 2161 se,

642 2194 702 2249 et
741 2207 805 2249 se
843 2185 1066 2270 jactent
1108 2208 1306 2250 coram
1356 2188 1675 2263 terricolis,
1729 2189 1972 2263 dicturi,
2029 2209 2167 2252 ecce
2214 2209 2336 2261 me;
2393 2209 2499 2251 nos
2544 2195 2746 2250 autem

644 2286 935 2350 credimus
962 2287 1118 2372 quod
1155 2288 1451 2363 videmus,
1505 2297 1563 2351 et
1604 2310 1873 2353 amamus
1916 2287 2074 2376 quod
2118 2290 2447 2375 tangimus,
2500 2297 2556 2352 et
2600 2296 2747 2350 tunc

643 2385 831 2472 tetigit
877 2388 1251 2455 Meretricem
1290 2411 1491 2464 suam,
1544 2401 1602 2454 et
1641 2390 1817 2466 dixit,
1868 2390 1981 2453 hoc
2028 2390 2238 2466 credo,
2294 2390 2428 2477 quia
2472 2389 2642 2452 video
2686 2397 2746 2450 et

644 2497 854 2573 tango;
909 2510 1113 2552 verum
1148 2513 1252 2557 nos
1283 2490 1419 2554 talia
1447 2490 1700 2554 ludibria
1744 2513 1848 2578 per
1886 2491 2220 2578 speculares
2257 2500 2491 2556 nostras
2529 2490 2746 2553 senest-

640 2608 738 2653 ras
765 2589 1028 2675 ejicimus
1041 2638 1060 2667 ,
1112 2602 1171 2657 et
1196 2594 1428 2657 sufflatu
1459 2592 1609 2656 risus
1638 2591 1942 2675 abigimus
2011 2592 2226 2655 Postea
2263 2592 2560 2677 quaesivi,
2601 2589 2746 2675 quid

641 2710 758 2753 una
797 2712 929 2753 cum
960 2693 1247 2757 consociis
1275 2692 1455 2755 credit
1500 2692 1571 2754 de
1614 2692 1796 2756 Caelo
1841 2701 1896 2753 et
1939 2690 2215 2764 lnserno‚
2270 2690 2571 2778 respondit
2611 2711 2749 2752 cum

639 2790 960 2867 cachinno,
1015 2794 1155 2877 quid
1189 2794 1431 2860 Caelum
1462 2792 1569 2856 nisi
1598 2790 2035 2856 firmamentum
2067 2790 2406 2855 aethereum
2442 2793 2502 2854 in
2527 2810 2633 2854 sua
2664 2790 2754 2853 al·-

636 2892 917 2967 titudine,
970 2903 1027 2956 et
1055 2893 1195 2978 quid
1224 2894 1433 2979 Angeli
1466 2894 1542 2956 ibi
1576 2893 1682 2960 nisi
1712 2915 1888 2981 quam
1919 2893 2184 2956 maculae
2220 2903 2488 2956 errantes
2521 2892 2749 2953 circum

638 2990 870 3065 Solem,
925 3004 981 3056 et
1031 2994 1387 3081 Archangeli
1434 2994 1539 3058 nisi
1588 3015 1766 3081 quam
1814 3001 2080 3058 cornetae
2129 3015 2262 3055 cum
2307 2992 2484 3077 longa
2534 2991 2753 3066 canda,

637 3110 815 3174 super
836 3115 953 3177 qua
981 3091 1210 3156 habitat
1237 3105 1440 3156 eorum
1472 3094 1678 3162 tun-hm
1733 3106 1793 3157 et
1829 3093 1966 3179 quid
2000 3091 2299 3157 infernum
2332 3093 2440 3158 nisi
2483 3091 2754 3178 paludes,

640 3190 741 3252 ubi
772 3212 950 3253 ranae
982 3205 1039 3255 et
1069 3193 1344 3256 crocodili
1374 3194 1428 3256 in
1461 3191 1764 3279 phantasia
1793 3192 2025 3257 illorum
2056 3202 2190 3257 sunt
2218 3193 2467 3265 diaholi;
2512 3199 2757 3278 praeter

641 3288 746 3351 has
773 3287 932 3355 ideas
971 3292 1044 3356 de
1086 3291 1250 3355 caelo
1279 3303 1336 3355 et
1363 3292 1628 3363 inferno,
1683 3291 1907 3376 reliqua
1953 3303 2088 3356 sunt
2131 3314 2349 3377 nugae,
2406 3314 2439 3355 a
2484 3291 2755 3378 quodam

598 3418 603 3423 ·
641 3390 904 3453 Primate
931 3391 1002 3456 ad
1034 3393 1455 3477 capessendum
1486 3390 1733 3474 gloriam
1764 3414 1795 3455 a
1832 3394 2046 3480 populo
2090 3394 2297 3480 ignaro
2335 3393 2755 3465 introductam

638 3489 738 3553 sed
768 3490 918 3554 haer.
943 3493 1141 3556 omnia
1178 3492 1460 3576 loquutus
1483 3499 1600 3563 est,
1657 3513 1892 3576 prorsus
1935 3502 1996 3556 ut
2041 3495 2113 3557 de
2145 3494 2256 3557 illis
2286 3495 2656 3579 cogitaverat
2691 3492 2754 3553 in

641 3589 903 3666 Mundo,
958 3593 1227 3656 nesciens
1273 3591 1431 3677 quod
1480 3591 1705 3655 viveret
1750 3603 1877 3682 post
1922 3602 2207 3669 mortem,
2259 3605 2317 3657 et
2364 3594 2581 3659 oblitus
2620 3614 2757 3654 om·

642 3688 837 3767 nium,
894 3714 1079 3778 quae,
1134 3692 1268 3755 dum
1302 3692 1550 3780 primum
1580 3695 1825 3760 intravit
1852 3693 2141 3760 Mundum
2171 3694 2525 3780 Spin-imum,
2582 3692 2758 3755 audi-

642 3790 758 3864 vit;
813 3814 999 3876 quare
1026 3792 1202 3855 etiam
1232 3792 1306 3856 ad
1333 3794 1858 3879 interrogationem
1889 3794 1960 3855 de
1993 3793 2111 3856 vita
2143 3803 2270 3881 post
2306 3805 2555 3856 mortem
2587 3802 2757 3855 retu-

639 3889 707 3956 lit
734 3892 899 3977 quod
922 3894 996 3956 sit
1022 3913 1125 3957 ens
1151 3893 1559 3979 imaginarium
1578 3943 1594 3970 ,
1648 3902 1705 3957 et
1733 3895 1890 3980 quod
1923 3893 2076 3958 forte
2110 3893 2347 3978 aliquod
2377 3892 2756 3959 effluviosum

642 4010 961 4077 exsurgens
1006 4014 1077 4057 ex
1122 3994 1410 4061 cadavere
1456 3995 1516 4057 in
1561 3993 1792 4057 tumulo
1837 3994 1895 4056 in
1938 3994 2128 4058 forma
2176 3995 2326 4058 sicut
2372 3993 2585 4069 homo,
2643 4001 2760 4055 aut

643 4091 939 4173 quoddam
990 4094 1146 4179 quod
1195 4106 1445 4161 vocatur
1489 4103 1822 4180 spectrum,
1878 4095 1950 4157 de
1991 4116 2110 4180 quo
2158 4094 2504 4160 fabulantur
2523 4092 2766 4178 aliqui,

645 4189 762 4250 tale
790 4192 927 4276 quid
958 4195 1016 4258 in
1046 4194 1381 4281 phantasias
1408 4193 1715 4257 bominum
1747 4192 2171 4257 introduxerat.
2249 4194 2361 4260 His
2385 4194 2601 4259 auditis
2629 4214 2763 4257 non
