3309 4775
669 370 717 425 l.
796 369 1027 423 DEUS
1070 367 1511 423 CREATOR.
1574 401 1634 409 —
1704 370 2178 422 1NF1M'1'AS
2221 372 2392 426 DEI.
2514 384 2582 434 37

477 524 887 612 Septimanas,
929 524 1167 590 Menses
1209 533 1264 588 et
1293 525 1529 599 AnnoS,
1579 524 1717 609 quia
1742 523 1844 588 Sol
1887 524 1965 588 ibi
2007 546 2126 592 non
2168 533 2412 612 apparet
2443 526 2586 591 oriri

479 636 539 690 et
582 625 891 701 occidere,
940 646 1048 689 nec
1089 624 1488 701 circumferri,
1545 624 1647 689 sed
1688 636 1888 689 manet
1929 634 2115 690 status
2151 626 2211 688 in
2240 624 2489 690 Oriente
2524 627 2585 692 in

479 727 689 791 Gradu
717 725 913 789 medio
944 726 1101 790 inter
1129 726 1338 790 Zenith
1369 735 1427 790 et
1460 724 1883 791 Horizontem:
1937 737 1993 790 et
2032 726 2235 813 Spatia
2279 727 2391 792 illis
2425 737 2580 804 sunt,

478 827 847 916 quiaomnia
878 827 936 891 in
965 827 1065 891 ilto
1094 827 1319 893 Mundo
1346 827 1775 901 substantialia,
1797 850 1949 914 quae
1979 829 2037 891 in
2065 828 2294 895 Mundo
2324 830 2580 895 naturali

480 929 834 1005 materialia,
873 939 1048 993 sunt:
1093 928 1192 993 sed
1225 930 1297 993 de
1324 927 1414 993 his
1442 928 1608 1016 plura
1634 929 1694 991 in
1731 930 2036 994 Lemmate
2062 928 2237 1016 hujus
2265 927 2485 1018 Capitis
2511 932 2583 995 de

480 1031 830 1105 creatione,
875 1030 1158 1094 dicentur.
1233 1030 1322 1095 Ex
1346 1030 1699 1116 supradictis
1726 1029 2145 1117 comprehendi
2176 1039 2385 1117 potest,
2423 1032 2581 1119 quod

480 1131 684 1218 Spatia
714 1142 773 1194 et
801 1132 1102 1217 Tempora
1134 1129 1341 1194 finiant
1379 1131 1576 1195 omnia
1621 1141 1679 1194 et
1721 1132 1987 1217 singula,
2032 1153 2185 1218 quae
2225 1132 2285 1196 in
2329 1140 2583 1219 utroque

483 1232 716 1298 Mundo
745 1241 912 1309 sunt,
958 1244 1013 1294 et
1042 1232 1177 1295 inde
1206 1233 1364 1321 quod
1391 1231 1660 1296 homines
1702 1255 1820 1297 non
1863 1234 2039 1296 modo
2082 1232 2276 1319 quoad
2312 1253 2585 1319 corpora,

481 1335 585 1396 sed
616 1333 790 1398 etiam
819 1333 1016 1417 quoad
1057 1334 1311 1409 animas,
1357 1333 1505 1398 finiti
1543 1334 1692 1408 sint,
1741 1335 1964 1419 pariter
1987 1333 2199 1419 Angeli
2228 1342 2286 1396 et
2311 1333 2580 1421 Spiritus.

478 1434 568 1498 Ex
596 1432 686 1497 his
712 1435 985 1498 omnibus
1011 1434 1280 1497 concludi
1319 1442 1529 1522 potest,
1553 1435 1712 1518 quod
1735 1435 1897 1499 Deus
1917 1433 2186 1499 Infinitus
2210 1434 2303 1508 sit,
2330 1433 2444 1498 hoc
2473 1446 2580 1512 est,

477 1556 600 1599 non
643 1534 870 1610 finitus,
915 1535 1052 1620 quia
1085 1533 1246 1621 lpse,
1299 1545 1362 1598 ut
1391 1534 1670 1610 Creator,
1727 1535 2046 1601 Formator
2089 1546 2148 1599 et
2186 1536 2406 1601 Factor
2433 1536 2580 1601 Uni-

475 1637 672 1708 versi,
718 1635 906 1701 finivit
948 1634 1182 1712 omnia,
1239 1646 1297 1699 et
1337 1635 1525 1699 finivit
1565 1636 1661 1700 illa
1706 1659 1809 1724 per
1845 1659 2015 1700 suum
2041 1636 2273 1714 Solem,
2315 1637 2374 1700 in
2417 1638 2581 1720 cujus

478 1738 675 1800 medio
704 1747 822 1814 est,
870 1738 969 1824 qui
1000 1758 1068 1800 ex
1097 1737 1316 1802 Divina
1347 1738 1648 1813 Essentia,
1696 1759 1849 1823 quae
1881 1760 1952 1802 ex
1981 1738 2115 1826 Ipso
2141 1739 2288 1802 sicut
2311 1737 2581 1826 Sphaera

478 1838 628 1913 exit,
673 1838 965 1908 consistit;
1011 1839 1091 1902 ibi
1120 1849 1175 1903 et
1219 1838 1354 1902 inde
1394 1847 1480 1903 θεῖ
1509 1840 1762 1927 primum
1803 1837 2111 1912 finitionis-3
2157 1848 2218 1904 at
2258 1840 2580 1928 progressi·

479 1962 621 2004 vum
651 1941 777 2025 ejus
806 1941 969 2006 vadit
995 1961 1177 2024 usque
1206 1940 1280 2004 ad
1309 1940 1514 2005 ultima
1541 1941 1600 2004 in
1630 1952 1845 2004 natura
1874 1940 2117 2012 Mundi;
2164 1942 2324 2028 quod
2362 1940 2492 2029 lpse
2518 1941 2580 2004 in

479 2064 544 2105 se
574 2038 842 2107 Infinitus
867 2042 974 2115 sit,
1016 2044 1151 2127 quia
1182 2041 1520 2118 Increatus,
1558 2042 1845 2130 sequitur.
1920 2042 2023 2106 Ast
2066 2040 2353 2106 infinitum
2400 2063 2579 2129 appa-

483 2151 574 2206 ret
618 2141 843 2205 homini
870 2143 1018 2207 sicut
1048 2164 1165 2204 non
1196 2142 1449 2229 aliquid,
1490 2164 1560 2207 ex
1600 2165 1811 2217 causa,
1851 2145 1985 2230 quia
2031 2143 2210 2209 homo
2247 2141 2446 2208 finitus
2473 2152 2579 2219 est,

480 2253 542 2306 et
572 2265 642 2307 ex
670 2244 845 2309 finitis
874 2244 1124 2329 cogitat,
1166 2265 1350 2331 quare
1376 2245 1424 2308 si
1459 2243 1710 2320 finitum,
1738 2245 1895 2331 quod
1926 2242 2208 2308 adhaeret
2235 2244 2578 2329 cogitationi

479 2344 626 2429 ejus,
673 2345 1040 2422 auferretur,
1083 2346 1407 2433 perciperet
1448 2345 1595 2411 sicut
1635 2346 1931 2410 residuum
1971 2368 2091 2411 non
2132 2355 2284 2412 esset
2322 2345 2576 2434 aliquid;

477 2448 702 2512 veritas
733 2459 928 2511 tamen
957 2456 1076 2522 est,
1121 2449 1278 2534 quod
1309 2448 1472 2513 Deus
1497 2451 1572 2512 sit
1599 2446 1826 2512 infinite
1856 2469 2064 2523 omne,
2110 2457 2169 2512 et
2201 2447 2361 2535 quod
2396 2446 2578 2513 homo

474 2549 805 2637 respective
833 2570 952 2613 non
978 2549 1198 2636 aliquid
1227 2570 1300 2618 ex
1323 2570 1402 2613 se.

639 2654 742 2714 30.
812 2649 920 2713 ΙΙΙ.
973 2651 1163 2731 Quon
1204 2651 1409 2725 Deus,
1459 2670 1801 2727 pos-ronam
1843 2651 2125 2715 Munnus
2167 2667 2400 2714 news
2451 2669 2578 2722 rs‘r,

470 2769 579 2814 srr
605 2769 672 2814 m
696 2750 928 2815 sau-10
954 2771 1195 2827 ausona
1218 2751 1467 2827 Spu-10,
1495 2772 1570 2815 m:
1597 2769 1662 2814 ιε
1684 2753 1978 2814 ‘mm'ponss
2003 2770 2245 2827 ABSQUE
2268 2769 2577 2813 ‘rr-:monn

479 2851 660 2930 Quod
693 2851 854 2915 Deus
882 2859 940 2915 et
969 2852 1282 2926 Divinum,
1312 2852 1470 2936 quod
1500 2851 1836 2914 immediate
1867 2852 1942 2915 ab
1972 2851 2107 2939 Ipso
2136 2848 2421 2937 procedit,
2462 2871 2579 2912 non

477 2955 643 3017 sitm
674 2952 912 3038 Spatio,
961 2955 1192 3017 tametsi
1233 2960 1320 3017 est
1349 2952 1840 3039 Omnipraesens,
1890 2961 1949 3015 et
1991 2952 2146 3037 apud
2192 2971 2581 3037 unumquem-

478 3054 573 3118 vis
614 3054 912 3118 hominem
968 3054 1026 3116 in
1073 3054 1334 3130 Mundo,
1392 3062 1450 3116 et
1493 3053 1647 3139 apud
1696 3052 2148 3138 unumquemvis
2185 3052 2478 3139 Angelum
2519 3052 2581 3115 in

480 3155 694 3229 Caelo,
743 3164 801 3219 et
840 3155 995 3240 apud
1026 3154 1481 3242 unumquemvis
1508 3153 1789 3240 Spiritum
1832 3155 1943 3217 suh
1986 3155 2181 3232 caeto,
2230 3174 2351 3217 non
2392 3162 2582 3240 potest

482 3256 613 3320 idea
662 3278 821 3320 mere
854 3257 1110 3320 naturali
1152 3254 1605 3344 comprehendi,
1662 3255 1763 3318 sed
1807 3264 1995 3342 potest
2038 3256 2412 3344 aliquatenus
2450 3255 2582 3318 idea

479 3358 802 3445 spirituali:
832 3358 993 3445 quod
1023 3379 1138 3420 non
1169 3358 1344 3444 possit
1372 3356 1503 3419 idea
1534 3378 1694 3419 mere
1726 3358 1978 3420 naturali
2008 3353 2449 3442 comprehendi,
2477 3364 2584 3431 est,

481 3459 623 3544 qnia
656 3459 714 3521 in
742 3460 842 3523 illa
869 3466 955 3522 est
982 3458 1279 3544 Spatium,
1323 3458 1578 3523 formata
1608 3458 1764 3520 enim
1812 3468 1899 3521 est
1940 3480 2010 3521 ex
2053 3457 2295 3534 talibus,
2340 3479 2493 3545 quae
2521 3457 2582 3518 in

426 3578 431 3582 ·
480 3559 712 3623 Mundo
740 3569 911 3633 sunt,
953 3559 1010 3621 in
1042 3582 1295 3645 quorum
1333 3558 1607 3624 omnibus
1645 3569 1704 3621 et
1743 3558 2017 3644 singulis,
2063 3580 2213 3647 quae
2244 3567 2584 3644 spectantur

484 3659 703 3736 oculis,
744 3670 831 3724 θεῖ
856 3660 1154 3748 Spatium;
1202 3682 1375 3726 omne
1416 3680 1695 3745 magnum
1739 3670 1795 3722 et
1839 3682 2087 3747 parvum
2131 3659 2211 3725 ibi
2251 3669 2337 3723 est
2377 3658 2583 3747 Spatii,

486 3782 663 3824 omne
691 3761 958 3846 longum,
1005 3762 1186 3826 latum
1215 3773 1273 3826 et
1302 3762 1484 3824 altum
1512 3762 1593 3826 ihi
1623 3770 1712 3826 est
1738 3760 1943 3846 Spatii,
1987 3761 2174 3828 verbo
2203 3761 2393 3825 omnis
2423 3782 2587 3823 men-

483 3883 621 3926 sura
641 3910 656 3937 ,
698 3860 884 3947 figura
913 3872 971 3926 et
998 3862 1187 3927 forma
1218 3863 1298 3926 ibi
1327 3872 1414 3927 est
1439 3862 1641 3951 Spatii.
1700 3860 1815 3925 Sed
1847 3884 2029 3949 usque
2059 3870 2247 3949 potest
2275 3860 2453 3926 homo
2482 3860 2587 3924 ati-

481 3970 780 4049 quatenus
808 3963 1311 4051 comprehendere
1340 3965 1399 4027 id
1430 3963 1789 4051 cogitatione
1818 3964 2092 4039 naturali,
2130 3964 2308 4026 modo
2335 3963 2394 4024 in
2425 3961 2584 4025 illam

482 4062 760 4129 admittat
785 4065 1003 4152 aliquid
1035 4065 1177 4131 tucis
1205 4065 1551 4153 spiritualis:
1597 4063 1697 4130 sed
1731 4063 1979 4153 primum
2011 4064 2230 4151 aliquid
2261 4064 2487 4127 dicetur
2515 4064 2587 4125 de

479 4165 614 4229 idea
644 4166 1019 4253 cogitationis
1054 4167 1398 4255 spiritualis;
1447 4166 1596 4231 haec
1637 4186 1758 4230 non
1800 4164 1980 4230 trahit
2020 4162 2240 4253 aliquid
2267 4186 2339 4227 ex
2365 4150 2588 4250 Spatio,

483 4266 585 4331 sed
615 4289 788 4332 omne
827 4290 1000 4334 snum
1047 4265 1229 4334 trahit
1271 4289 1342 4333 ex
1381 4268 1585 4345 Statu;
1631 4265 1834 4332 Status
1873 4265 2087 4331 dicitur
2128 4265 2199 4328 de
2228 4284 2462 4335 amore,
2518 4263 2591 4322 de
