<?xml version="1.0" encoding="UTF-8"?>
<!DOCTYPE html PUBLIC "-//W3C//DTD XHTML 1.0 Transitional//EN"
    "http://www.w3.org/TR/xhtml1/DTD/xhtml1-transitional.dtd">
<html xmlns="http://www.w3.org/1999/xhtml" xml:lang="en" lang="en">
 <head>
  <title>
</title>
<meta http-equiv="Content-Type" content="text/html;charset=utf-8" />
  <meta name='ocr-system' content='tesseract 3.04.00' />
  <meta name='ocr-capabilities' content='ocr_page ocr_carea ocr_par ocr_line ocrx_word'/>
</head>
<body>
  <div class='ocr_page' id='page_1' title='image "./verachristianar00tafegoog_0146.png"; bbox 0 0 3309 4775; ppageno 0'>
   <div class='ocr_carea' id='block_1_1' title="bbox 623 384 2493 448">
    <p class='ocr_par' dir='ltr' id='par_1_1' title="bbox 623 384 2493 448">
     <span class='ocr_line' id='line_1_1' title="bbox 623 384 2493 448; baseline -0.003 -3"><span class='ocrx_word' id='word_1_1' title='bbox 623 398 730 448; x_wconf 79' lang='grc' dir='ltr'><strong>1Δο</strong></span> <span class='ocrx_word' id='word_1_2' title='bbox 851 384 1306 441; x_wconf 80' lang='lat' dir='ltr'><strong>UNIVERSA</strong></span> <span class='ocrx_word' id='word_1_3' title='bbox 1363 384 1895 439; x_wconf 78' lang='lat' dir='ltr'>THEOLOGIA</span> <span class='ocrx_word' id='word_1_4' title='bbox 1938 386 2006 441; x_wconf 80' lang='lat' dir='ltr'><strong>N.</strong></span> <span class='ocrx_word' id='word_1_5' title='bbox 2050 384 2115 440; x_wconf 85' lang='lat' dir='ltr'><strong>C.</strong></span> <span class='ocrx_word' id='word_1_6' title='bbox 2159 385 2274 437; x_wconf 88' lang='lat' dir='ltr'><strong>ET</strong></span> <span class='ocrx_word' id='word_1_7' title='bbox 2316 385 2381 437; x_wconf 83' lang='lat' dir='ltr'><strong>N.</strong></span> <span class='ocrx_word' id='word_1_8' title='bbox 2426 386 2493 440; x_wconf 83' lang='grc' dir='ltr'><strong>Ε.</strong></span> 
     </span>
    </p>
   </div>
   <div class='ocr_carea' id='block_1_2' title="bbox 616 537 2782 3640">
    <p class='ocr_par' dir='ltr' id='par_1_2' title="bbox 616 537 2782 3640">
     <span class='ocr_line' id='line_1_2' title="bbox 617 537 2727 626; baseline -0.001 -22"><span class='ocrx_word' id='word_1_9' title='bbox 617 560 791 614; x_wconf 87' lang='lat' dir='ltr'><strong>nam,</strong></span> <span class='ocrx_word' id='word_1_10' title='bbox 845 538 1119 603; x_wconf 87' lang='lat' dir='ltr'><strong>etaltera</strong></span> <span class='ocrx_word' id='word_1_11' title='bbox 1150 549 1278 626; x_wconf 85' lang='lat' dir='ltr'><strong>post</strong></span> <span class='ocrx_word' id='word_1_12' title='bbox 1308 539 1501 616; x_wconf 91' lang='lat' dir='ltr'><strong>illam,</strong></span> <span class='ocrx_word' id='word_1_13' title='bbox 1558 538 1923 604; x_wconf 86' lang='lat' dir='ltr'><strong>Charitatem</strong></span> <span class='ocrx_word' id='word_1_14' title='bbox 1952 547 2015 601; x_wconf 92' lang='lat' dir='ltr'><strong>ut</strong></span> <span class='ocrx_word' id='word_1_15' title='bbox 2042 537 2326 602; x_wconf 82' lang='lat' dir='ltr'><strong>famulam</strong></span> <span class='ocrx_word' id='word_1_16' title='bbox 2370 539 2527 623; x_wconf 81' lang='lat' dir='ltr'><strong>ejus:</strong></span> <span class='ocrx_word' id='word_1_17' title='bbox 2583 537 2727 602; x_wconf 85' lang='lat' dir='ltr'><strong>baec</strong></span> 
     </span>
     <span class='ocr_line' id='line_1_3' title="bbox 620 637 2725 726; baseline -0.001 -22"><span class='ocrx_word' id='word_1_18' title='bbox 620 649 747 704; x_wconf 86' lang='lat' dir='ltr'><strong>erat</strong></span> <span class='ocrx_word' id='word_1_19' title='bbox 777 662 848 703; x_wconf 86' lang='lat' dir='ltr'><strong>ex</strong></span> <span class='ocrx_word' id='word_1_20' title='bbox 874 639 1046 703; x_wconf 82' lang='lat' dir='ltr'>simili</span> <span class='ocrx_word' id='word_1_21' title='bbox 1076 640 1311 704; x_wconf 88' lang='lat' dir='ltr'><strong>miscela</strong></span> <span class='ocrx_word' id='word_1_22' title='bbox 1339 640 1662 726; x_wconf 84' lang='lat' dir='ltr'><strong>pulverum</strong></span> <span class='ocrx_word' id='word_1_23' title='bbox 1702 637 1991 714; x_wconf 88' lang='lat' dir='ltr'><strong>conflata,</strong></span> <span class='ocrx_word' id='word_1_24' title='bbox 2041 647 2100 700; x_wconf 91' lang='lat' dir='ltr'><strong>et</strong></span> <span class='ocrx_word' id='word_1_25' title='bbox 2140 637 2328 726; x_wconf 81' lang='lat' dir='ltr'><strong>posita</strong></span> <span class='ocrx_word' id='word_1_26' title='bbox 2367 648 2499 725; x_wconf 89' lang='lat' dir='ltr'><strong>post</strong></span> <span class='ocrx_word' id='word_1_27' title='bbox 2538 647 2725 702; x_wconf 83' lang='lat' dir='ltr'><strong>extre-</strong></span> 
     </span>
     <span class='ocr_line' id='line_1_4' title="bbox 619 738 2722 826; baseline -0.001 -23"><span class='ocrx_word' id='word_1_28' title='bbox 619 740 885 805; x_wconf 87' lang='lat' dir='ltr'><strong>mitatem</strong></span> <span class='ocrx_word' id='word_1_29' title='bbox 926 749 1102 825; x_wconf 84' lang='lat' dir='ltr'><strong>togae</strong></span> <span class='ocrx_word' id='word_1_30' title='bbox 1142 739 1455 805; x_wconf 87' lang='lat' dir='ltr'><strong>defluentis</strong></span> <span class='ocrx_word' id='word_1_31' title='bbox 1494 763 1527 805; x_wconf 91' lang='lat' dir='ltr'><strong>a</strong></span> <span class='ocrx_word' id='word_1_32' title='bbox 1571 751 1742 825; x_wconf 85' lang='lat' dir='ltr'><strong>tergo</strong></span> <span class='ocrx_word' id='word_1_33' title='bbox 1776 741 2077 826; x_wconf 81' lang='lat' dir='ltr'><strong>Reginae,</strong></span> <span class='ocrx_word' id='word_1_34' title='bbox 2130 747 2187 800; x_wconf 89' lang='lat' dir='ltr'><strong>et</strong></span> <span class='ocrx_word' id='word_1_35' title='bbox 2229 740 2418 803; x_wconf 83' lang='lat' dir='ltr'><strong>tenuit</strong></span> <span class='ocrx_word' id='word_1_36' title='bbox 2456 738 2722 803; x_wconf 89' lang='lat' dir='ltr'><strong>chartam</strong></span> 
     </span>
     <span class='ocr_line' id='line_1_5' title="bbox 618 839 2728 928; baseline -0.001 -24"><span class='ocrx_word' id='word_1_37' title='bbox 618 841 680 905; x_wconf 86' lang='lat' dir='ltr'><strong>in</strong></span> <span class='ocrx_word' id='word_1_38' title='bbox 709 861 918 915; x_wconf 87' lang='lat' dir='ltr'><strong>manu,</strong></span> <span class='ocrx_word' id='word_1_39' title='bbox 970 861 1145 927; x_wconf 89' lang='lat' dir='ltr'><strong>super</strong></span> <span class='ocrx_word' id='word_1_40' title='bbox 1174 861 1288 927; x_wconf 90' lang='lat' dir='ltr'><strong>qua</strong></span> <span class='ocrx_word' id='word_1_41' title='bbox 1318 851 1447 904; x_wconf 88' lang='lat' dir='ltr'><strong>erat</strong></span> <span class='ocrx_word' id='word_1_42' title='bbox 1475 842 1755 928; x_wconf 90' lang='lat' dir='ltr'><strong>scriptum</strong></span> <span class='ocrx_word' id='word_1_43' title='bbox 1775 889 1790 915; x_wconf 93' lang='lat'><strong>,</strong></span> <span class='ocrx_word' id='word_1_44' title='bbox 1846 860 1990 904; x_wconf 71' lang='lat' dir='ltr'><strong>cave</strong></span> <span class='ocrx_word' id='word_1_45' title='bbox 2020 861 2093 902; x_wconf 88' lang='lat' dir='ltr'><strong>ne</strong></span> <span class='ocrx_word' id='word_1_46' title='bbox 2124 839 2363 926; x_wconf 88' lang='lat' dir='ltr'><strong>propius</strong></span> <span class='ocrx_word' id='word_1_47' title='bbox 2395 841 2645 904; x_wconf 78' lang='lat' dir='ltr'><strong>accedas</strong></span> <span class='ocrx_word' id='word_1_48' title='bbox 2671 848 2728 904; x_wconf 86' lang='lat' dir='ltr'><strong>et</strong></span> 
     </span>
     <span class='ocr_line' id='line_1_6' title="bbox 618 937 2726 1028; baseline -0 -24"><span class='ocrx_word' id='word_1_49' title='bbox 618 951 820 1026; x_wconf 85' lang='lat' dir='ltr'><strong>togam</strong></span> <span class='ocrx_word' id='word_1_50' title='bbox 850 948 1073 1026; x_wconf 89' lang='lat' dir='ltr'><strong>tangas.</strong></span> <span class='ocrx_word' id='word_1_51' title='bbox 1142 937 1220 1004; x_wconf 86' lang='lat' dir='ltr'><strong>At</strong></span> <span class='ocrx_word' id='word_1_52' title='bbox 1260 941 1454 1005; x_wconf 90' lang='lat' dir='ltr'><strong>subito</strong></span> <span class='ocrx_word' id='word_1_53' title='bbox 1495 951 1636 1005; x_wconf 87' lang='lat' dir='ltr'><strong>tunc</strong></span> <span class='ocrx_word' id='word_1_54' title='bbox 1668 941 1859 1005; x_wconf 84' lang='lat' dir='ltr'><strong>imber</strong></span> <span class='ocrx_word' id='word_1_55' title='bbox 1886 964 1917 1004; x_wconf 90' lang='lat' dir='ltr'><strong>e</strong></span> <span class='ocrx_word' id='word_1_56' title='bbox 1949 941 2115 1003; x_wconf 90' lang='lat' dir='ltr'><strong>caelo</strong></span> <span class='ocrx_word' id='word_1_57' title='bbox 2156 940 2402 1015; x_wconf 89' lang='lat' dir='ltr'><strong>decidit,</strong></span> <span class='ocrx_word' id='word_1_58' title='bbox 2449 948 2506 1003; x_wconf 83' lang='lat' dir='ltr'><strong>et</strong></span> <span class='ocrx_word' id='word_1_59' title='bbox 2552 961 2726 1028; x_wconf 88' lang='lat' dir='ltr'><strong>pene-</strong></span> 
     </span>
     <span class='ocr_line' id='line_1_7' title="bbox 619 1039 2724 1128; baseline 0 -25"><span class='ocrx_word' id='word_1_60' title='bbox 619 1042 802 1108; x_wconf 88' lang='lat' dir='ltr'><strong>travit</strong></span> <span class='ocrx_word' id='word_1_61' title='bbox 831 1050 1144 1128; x_wconf 84' lang='lat' dir='ltr'><strong>utramque</strong></span> <span class='ocrx_word' id='word_1_62' title='bbox 1169 1041 1434 1105; x_wconf 75' lang='lat' dir='ltr'><strong>Statuam</strong></span> <span class='ocrx_word' id='word_1_63' title='bbox 1453 1089 1470 1117; x_wconf 92' lang='lat'><strong>,</strong></span> <span class='ocrx_word' id='word_1_64' title='bbox 1503 1063 1657 1128; x_wconf 91' lang='lat' dir='ltr'><strong>quae</strong></span> <span class='ocrx_word' id='word_1_65' title='bbox 1685 1042 1823 1127; x_wconf 90' lang='lat' dir='ltr'><strong>quia</strong></span> <span class='ocrx_word' id='word_1_66' title='bbox 1856 1061 1929 1104; x_wconf 83' lang='lat' dir='ltr'><strong>ex</strong></span> <span class='ocrx_word' id='word_1_67' title='bbox 1955 1039 2191 1104; x_wconf 90' lang='lat' dir='ltr'><strong>miscela</strong></span> <span class='ocrx_word' id='word_1_68' title='bbox 2217 1041 2545 1128; x_wconf 79' lang='lat' dir='ltr'><strong>sulphuris,</strong></span> <span class='ocrx_word' id='word_1_69' title='bbox 2582 1039 2724 1104; x_wconf 83' lang='lat' dir='ltr'><strong>ferri</strong></span> 
     </span>
     <span class='ocr_line' id='line_1_8' title="bbox 617 1140 2782 1229; baseline -0.001 -23"><span class='ocrx_word' id='word_1_70' title='bbox 617 1153 679 1207; x_wconf 88' lang='lat' dir='ltr'><strong>et</strong></span> <span class='ocrx_word' id='word_1_71' title='bbox 729 1140 977 1229; x_wconf 77' lang='lat' dir='ltr'><strong>argillae</strong></span> <span class='ocrx_word' id='word_1_72' title='bbox 1026 1142 1412 1219; x_wconf 73' lang='lat' dir='ltr'><strong>constabant,</strong></span> <span class='ocrx_word' id='word_1_73' title='bbox 1465 1142 1857 1218; x_wconf 77' lang='lat' dir='ltr'><strong>ebulliebant,</strong></span> <span class='ocrx_word' id='word_1_74' title='bbox 1911 1142 2060 1207; x_wconf 89' lang='lat' dir='ltr'><strong>sicut</strong></span> <span class='ocrx_word' id='word_1_75' title='bbox 2111 1140 2238 1205; x_wconf 85' lang='lat' dir='ltr'><strong>fieri</strong></span> <span class='ocrx_word' id='word_1_76' title='bbox 2290 1142 2439 1205; x_wconf 90' lang='lat' dir='ltr'><strong>solet</strong></span> <span class='ocrx_word' id='word_1_77' title='bbox 2490 1143 2724 1204; x_wconf 87' lang='lat' dir='ltr'><strong>miscela</strong></span> <span class='ocrx_word' id='word_1_78' title='bbox 2775 1150 2782 1156; x_wconf 82' lang='grc'>’</span> 
     </span>
     <span class='ocr_line' id='line_1_9' title="bbox 617 1230 2727 1329; baseline 0 -24"><span class='ocrx_word' id='word_1_79' title='bbox 617 1243 854 1306; x_wconf 87' lang='lat' dir='ltr'><strong>illorum</strong></span> <span class='ocrx_word' id='word_1_80' title='bbox 900 1230 1243 1329; x_wconf 74' lang='lat' dir='ltr'><strong>pulverum,</strong></span> <span class='ocrx_word' id='word_1_81' title='bbox 1293 1242 1432 1305; x_wconf 91' lang='lat' dir='ltr'><strong>dum</strong></span> <span class='ocrx_word' id='word_1_82' title='bbox 1477 1264 1631 1329; x_wconf 87' lang='lat' dir='ltr'><strong>aqua</strong></span> <span class='ocrx_word' id='word_1_83' title='bbox 1675 1265 1851 1329; x_wconf 85' lang='lat' dir='ltr'><strong>super</strong></span> <span class='ocrx_word' id='word_1_84' title='bbox 1905 1242 2063 1307; x_wconf 81' lang='lat' dir='ltr'><strong>illam</strong></span> <span class='ocrx_word' id='word_1_85' title='bbox 2121 1242 2491 1320; x_wconf 81' lang='lat' dir='ltr'><strong>immittitur,</strong></span> <span class='ocrx_word' id='word_1_86' title='bbox 2542 1251 2602 1305; x_wconf 89' lang='lat' dir='ltr'><strong>et</strong></span> <span class='ocrx_word' id='word_1_87' title='bbox 2645 1243 2727 1306; x_wconf 86' lang='lat' dir='ltr'><strong>sic</strong></span> 
     </span>
     <span class='ocr_line' id='line_1_10' title="bbox 619 1341 2725 1428; baseline -0.001 -21"><span class='ocrx_word' id='word_1_88' title='bbox 619 1363 905 1407; x_wconf 86' lang='lat' dir='ltr'><strong>accensae</strong></span> <span class='ocrx_word' id='word_1_89' title='bbox 957 1342 1091 1428; x_wconf 88' lang='lat' dir='ltr'><strong>igne</strong></span> <span class='ocrx_word' id='word_1_90' title='bbox 1152 1343 1433 1406; x_wconf 76' lang='lat' dir='ltr'><strong>‘intestino</strong></span> <span class='ocrx_word' id='word_1_91' title='bbox 1498 1344 1871 1419; x_wconf 85' lang='lat' dir='ltr'><strong>diffluebant,</strong></span> <span class='ocrx_word' id='word_1_92' title='bbox 1948 1351 2006 1405; x_wconf 92' lang='lat' dir='ltr'><strong>et</strong></span> <span class='ocrx_word' id='word_1_93' title='bbox 2070 1341 2262 1407; x_wconf 86' lang='lat' dir='ltr'><strong>factae</strong></span> <span class='ocrx_word' id='word_1_94' title='bbox 2317 1344 2548 1418; x_wconf 84' lang='lat' dir='ltr'><strong>acervi,</strong></span> <span class='ocrx_word' id='word_1_95' title='bbox 2628 1344 2725 1428; x_wconf 87' lang='lat' dir='ltr'><strong>qui</strong></span> 
     </span>
     <span class='ocr_line' id='line_1_11' title="bbox 621 1442 2671 1531; baseline -0.001 -23"><span class='ocrx_word' id='word_1_96' title='bbox 621 1452 827 1531; x_wconf 83' lang='lat' dir='ltr'><strong>postea</strong></span> <span class='ocrx_word' id='word_1_97' title='bbox 872 1442 1022 1506; x_wconf 86' lang='lat' dir='ltr'><strong>sicut</strong></span> <span class='ocrx_word' id='word_1_98' title='bbox 1057 1443 1268 1506; x_wconf 89' lang='lat' dir='ltr'><strong>tumuli</strong></span> <span class='ocrx_word' id='word_1_99' title='bbox 1305 1442 1705 1531; x_wconf 84' lang='lat' dir='ltr'><strong>sepulchrales</strong></span> <span class='ocrx_word' id='word_1_100' title='bbox 1746 1465 1923 1530; x_wconf 87' lang='lat' dir='ltr'><strong>super</strong></span> <span class='ocrx_word' id='word_1_101' title='bbox 1964 1452 2122 1506; x_wconf 89' lang='lat' dir='ltr'><strong>terra</strong></span> <span class='ocrx_word' id='word_1_102' title='bbox 2168 1443 2266 1506; x_wconf 89' lang='lat' dir='ltr'><strong>illa</strong></span> <span class='ocrx_word' id='word_1_103' title='bbox 2312 1444 2671 1507; x_wconf 73' lang='lat' dir='ltr'><strong>eminebant,</strong></span> 
     </span>
     <span class='ocr_line' id='line_1_12' title="bbox 783 1542 2726 1609; baseline 0.001 -3"><span class='ocrx_word' id='word_1_104' title='bbox 783 1546 924 1606; x_wconf 88' lang='grc'><strong>111.</strong></span> <span class='ocrx_word' id='word_1_105' title='bbox 1004 1542 1359 1608; x_wconf 75' lang='lat' dir='ltr'><strong>SECUNDUM</strong></span> <span class='ocrx_word' id='word_1_106' title='bbox 1409 1545 1857 1609; x_wconf 68' lang='lat' dir='ltr'><strong>Memomlcss.</strong></span> <span class='ocrx_word' id='word_1_107' title='bbox 1950 1543 2018 1607; x_wconf 88' lang='lat' dir='ltr'><strong>ln</strong></span> <span class='ocrx_word' id='word_1_108' title='bbox 2060 1544 2287 1608; x_wconf 88' lang='lat' dir='ltr'><strong>Mundo</strong></span> <span class='ocrx_word' id='word_1_109' title='bbox 2339 1545 2593 1609; x_wconf 83' lang='lat' dir='ltr'><strong>naturali</strong></span> <span class='ocrx_word' id='word_1_110' title='bbox 2641 1553 2726 1608; x_wconf 85' lang='lat' dir='ltr'><strong>est</strong></span> 
     </span>
     <span class='ocr_line' id='line_1_13' title="bbox 618 1642 2725 1732; baseline 0 -25"><span class='ocrx_word' id='word_1_111' title='bbox 618 1642 1085 1729; x_wconf 73' lang='lat' dir='ltr'><strong>homini‘duplex</strong></span> <span class='ocrx_word' id='word_1_112' title='bbox 1124 1644 1392 1729; x_wconf 78' lang='lat' dir='ltr'><strong>loquela,</strong></span> <span class='ocrx_word' id='word_1_113' title='bbox 1447 1646 1583 1731; x_wconf 88' lang='lat' dir='ltr'><strong>quia</strong></span> <span class='ocrx_word' id='word_1_114' title='bbox 1616 1646 1828 1732; x_wconf 85' lang='lat' dir='ltr'><strong>duplex</strong></span> <span class='ocrx_word' id='word_1_115' title='bbox 1859 1644 2175 1728; x_wconf 76' lang='lat' dir='ltr'><strong>cogitatio,</strong></span> <span class='ocrx_word' id='word_1_116' title='bbox 2227 1644 2488 1707; x_wconf 83' lang='lat' dir='ltr'><strong>Externa</strong></span> <span class='ocrx_word' id='word_1_117' title='bbox 2528 1656 2588 1707; x_wconf 85' lang='lat' dir='ltr'><strong>et</strong></span> <span class='ocrx_word' id='word_1_118' title='bbox 2629 1645 2725 1707; x_wconf 88' lang='lat' dir='ltr'><strong>In-</strong></span> 
     </span>
     <span class='ocr_line' id='line_1_14' title="bbox 624 1743 2728 1831; baseline 0.001 -24"><span class='ocrx_word' id='word_1_119' title='bbox 624 1754 826 1820; x_wconf 88' lang='lat' dir='ltr'><strong>terna,</strong></span> <span class='ocrx_word' id='word_1_120' title='bbox 873 1753 1062 1829; x_wconf 87' lang='lat' dir='ltr'><strong>potest</strong></span> <span class='ocrx_word' id='word_1_121' title='bbox 1088 1745 1244 1807; x_wconf 91' lang='lat' dir='ltr'><strong>enim</strong></span> <span class='ocrx_word' id='word_1_122' title='bbox 1272 1743 1451 1808; x_wconf 89' lang='lat' dir='ltr'><strong>homo</strong></span> <span class='ocrx_word' id='word_1_123' title='bbox 1478 1745 1638 1831; x_wconf 83' lang='lat' dir='ltr'><strong>loqui</strong></span> <span class='ocrx_word' id='word_1_124' title='bbox 1670 1766 1741 1809; x_wconf 85' lang='lat' dir='ltr'><strong>ex</strong></span> <span class='ocrx_word' id='word_1_125' title='bbox 1770 1745 2129 1830; x_wconf 71' lang='lat' dir='ltr'><strong>cogitatione</strong></span> <span class='ocrx_word' id='word_1_126' title='bbox 2160 1745 2425 1819; x_wconf 88' lang='lat' dir='ltr'><strong>interna,</strong></span> <span class='ocrx_word' id='word_1_127' title='bbox 2465 1755 2526 1807; x_wconf 89' lang='lat' dir='ltr'><strong>et</strong></span> <span class='ocrx_word' id='word_1_128' title='bbox 2554 1745 2728 1809; x_wconf 89' lang='lat' dir='ltr'><strong>simul</strong></span> 
     </span>
     <span class='ocr_line' id='line_1_15' title="bbox 621 1844 2729 1933; baseline -0 -25"><span class='ocrx_word' id='word_1_129' title='bbox 621 1855 765 1910; x_wconf 89' lang='lat' dir='ltr'><strong>tunc</strong></span> <span class='ocrx_word' id='word_1_130' title='bbox 794 1865 863 1909; x_wconf 83' lang='lat' dir='ltr'><strong>ex</strong></span> <span class='ocrx_word' id='word_1_131' title='bbox 892 1844 1250 1931; x_wconf 79' lang='lat' dir='ltr'><strong>cogitatione</strong></span> <span class='ocrx_word' id='word_1_132' title='bbox 1277 1854 1551 1931; x_wconf 82' lang='lat' dir='ltr'><strong>externa,</strong></span> <span class='ocrx_word' id='word_1_133' title='bbox 1606 1857 1667 1909; x_wconf 91' lang='lat' dir='ltr'><strong>et</strong></span> <span class='ocrx_word' id='word_1_134' title='bbox 1702 1855 1892 1933; x_wconf 89' lang='lat' dir='ltr'><strong>potest</strong></span> <span class='ocrx_word' id='word_1_135' title='bbox 1930 1845 2091 1931; x_wconf 91' lang='lat' dir='ltr'><strong>loqui</strong></span> <span class='ocrx_word' id='word_1_136' title='bbox 2132 1867 2204 1910; x_wconf 85' lang='lat' dir='ltr'><strong>ex</strong></span> <span class='ocrx_word' id='word_1_137' title='bbox 2243 1845 2603 1930; x_wconf 80' lang='lat' dir='ltr'><strong>cogitatione</strong></span> <span class='ocrx_word' id='word_1_138' title='bbox 2634 1866 2729 1907; x_wconf 77' lang='lat' dir='ltr'><strong>ex-</strong></span> 
     </span>
     <span class='ocr_line' id='line_1_16' title="bbox 617 1932 2726 2037; baseline 0 -27"><span class='ocrx_word' id='word_1_139' title='bbox 617 1954 789 2012; x_wconf 82' lang='lat' dir='ltr'><strong>terna</strong></span> <span class='ocrx_word' id='word_1_140' title='bbox 817 1932 874 2009; x_wconf 85' lang='lat' dir='ltr'><strong>et</strong></span> <span class='ocrx_word' id='word_1_141' title='bbox 903 1962 1022 2009; x_wconf 80' lang='lat' dir='ltr'><strong>non</strong></span> <span class='ocrx_word' id='word_1_142' title='bbox 1051 1965 1124 2007; x_wconf 83' lang='lat' dir='ltr'><strong>ex</strong></span> <span class='ocrx_word' id='word_1_143' title='bbox 1150 1945 1416 2037; x_wconf 71' lang='lat' dir='ltr'><strong>interna,</strong></span> <span class='ocrx_word' id='word_1_144' title='bbox 1461 1947 1580 2009; x_wconf 90' lang='lat' dir='ltr'><strong>imo</strong></span> <span class='ocrx_word' id='word_1_145' title='bbox 1610 1958 1818 2012; x_wconf 87' lang='lat' dir='ltr'><strong>contra</strong></span> <span class='ocrx_word' id='word_1_146' title='bbox 1852 1946 2181 2023; x_wconf 89' lang='lat' dir='ltr'><strong>internam,</strong></span> <span class='ocrx_word' id='word_1_147' title='bbox 2231 1947 2367 2009; x_wconf 91' lang='lat' dir='ltr'><strong>inde</strong></span> <span class='ocrx_word' id='word_1_148' title='bbox 2400 1946 2726 2011; x_wconf 88' lang='lat' dir='ltr'><strong>simulatio-</strong></span> 
     </span>
     <span class='ocr_line' id='line_1_17' title="bbox 617 2045 2723 2135; baseline 0 -26"><span class='ocrx_word' id='word_1_149' title='bbox 617 2069 753 2122; x_wconf 87' lang='lat' dir='ltr'><strong>nes,</strong></span> <span class='ocrx_word' id='word_1_150' title='bbox 804 2046 1230 2112; x_wconf 86' lang='lat' dir='ltr'><strong>assentationes</strong></span> <span class='ocrx_word' id='word_1_151' title='bbox 1272 2057 1329 2110; x_wconf 89' lang='lat' dir='ltr'><strong>et</strong></span> <span class='ocrx_word' id='word_1_152' title='bbox 1354 2045 1743 2135; x_wconf 11' lang='lat' dir='ltr'><strong>rhypocrises:</strong></span> <span class='ocrx_word' id='word_1_153' title='bbox 1798 2055 1859 2112; x_wconf 87' lang='lat' dir='ltr'><strong>at</strong></span> <span class='ocrx_word' id='word_1_154' title='bbox 1900 2048 1956 2110; x_wconf 88' lang='lat' dir='ltr'><strong>in</strong></span> <span class='ocrx_word' id='word_1_155' title='bbox 1998 2047 2224 2110; x_wconf 90' lang='lat' dir='ltr'><strong>Mundo</strong></span> <span class='ocrx_word' id='word_1_156' title='bbox 2260 2047 2563 2134; x_wconf 79' lang='lat' dir='ltr'><strong>Spirituali</strong></span> <span class='ocrx_word' id='word_1_157' title='bbox 2608 2068 2723 2134; x_wconf 83' lang='lat' dir='ltr'><strong>non</strong></span> 
     </span>
     <span class='ocr_line' id='line_1_18' title="bbox 622 2146 2722 2236; baseline 0 -26"><span class='ocrx_word' id='word_1_158' title='bbox 622 2156 708 2211; x_wconf 88' lang='lat' dir='ltr'><strong>est</strong></span> <span class='ocrx_word' id='word_1_159' title='bbox 734 2147 957 2210; x_wconf 86' lang='lat' dir='ltr'><strong>bomini</strong></span> <span class='ocrx_word' id='word_1_160' title='bbox 988 2147 1200 2231; x_wconf 83' lang='lat' dir='ltr'><strong>duplex</strong></span> <span class='ocrx_word' id='word_1_161' title='bbox 1230 2146 1495 2233; x_wconf 79' lang='lat' dir='ltr'><strong>loquela,</strong></span> <span class='ocrx_word' id='word_1_162' title='bbox 1548 2148 1651 2212; x_wconf 89' lang='lat' dir='ltr'><strong>sed</strong></span> <span class='ocrx_word' id='word_1_163' title='bbox 1686 2148 1963 2236; x_wconf 85' lang='lat' dir='ltr'><strong>simplex,</strong></span> <span class='ocrx_word' id='word_1_164' title='bbox 2014 2146 2275 2233; x_wconf 89' lang='lat' dir='ltr'><strong>loquitur</strong></span> <span class='ocrx_word' id='word_1_165' title='bbox 2311 2148 2391 2210; x_wconf 91' lang='lat' dir='ltr'><strong>ibi</strong></span> <span class='ocrx_word' id='word_1_166' title='bbox 2429 2147 2583 2211; x_wconf 86' lang='lat' dir='ltr'><strong>sicut</strong></span> <span class='ocrx_word' id='word_1_167' title='bbox 2627 2170 2722 2210; x_wconf 90' lang='lat' dir='ltr'><strong>co·</strong></span> 
     </span>
     <span class='ocr_line' id='line_1_19' title="bbox 619 2246 2727 2335; baseline 0.001 -27"><span class='ocrx_word' id='word_1_168' title='bbox 619 2246 797 2332; x_wconf 89' lang='lat' dir='ltr'><strong>gitat,</strong></span> <span class='ocrx_word' id='word_1_169' title='bbox 851 2246 1110 2332; x_wconf 88' lang='lat' dir='ltr'><strong>alioquin</strong></span> <span class='ocrx_word' id='word_1_170' title='bbox 1137 2269 1316 2311; x_wconf 88' lang='lat' dir='ltr'><strong>sonus</strong></span> <span class='ocrx_word' id='word_1_171' title='bbox 1342 2247 1581 2323; x_wconf 85' lang='lat' dir='ltr'><strong>stridet,</strong></span> <span class='ocrx_word' id='word_1_172' title='bbox 1636 2257 1695 2312; x_wconf 92' lang='lat' dir='ltr'><strong>et</strong></span> <span class='ocrx_word' id='word_1_173' title='bbox 1729 2249 1911 2313; x_wconf 87' lang='lat' dir='ltr'><strong>laedit</strong></span> <span class='ocrx_word' id='word_1_174' title='bbox 1948 2269 2150 2320; x_wconf 88' lang='lat' dir='ltr'><strong>aures;</strong></span> <span class='ocrx_word' id='word_1_175' title='bbox 2183 2257 2265 2311; x_wconf 48' lang='lat' dir='ltr'><strong>*at</strong></span> <span class='ocrx_word' id='word_1_176' title='bbox 2311 2270 2495 2335; x_wconf 81' lang='lat' dir='ltr'><strong>usque</strong></span> <span class='ocrx_word' id='word_1_177' title='bbox 2534 2255 2727 2335; x_wconf 86' lang='lat' dir='ltr'><strong>potest</strong></span> 
     </span>
     <span class='ocr_line' id='line_1_20' title="bbox 618 2338 2725 2438; baseline -0 -25"><span class='ocrx_word' id='word_1_178' title='bbox 618 2346 825 2422; x_wconf 83' lang='lat' dir='ltr'><strong>silere,</strong></span> <span class='ocrx_word' id='word_1_179' title='bbox 880 2354 939 2410; x_wconf 88' lang='lat' dir='ltr'><strong>et</strong></span> <span class='ocrx_word' id='word_1_180' title='bbox 964 2347 1048 2412; x_wconf 87' lang='lat' dir='ltr'><strong>sic</strong></span> <span class='ocrx_word' id='word_1_181' title='bbox 1077 2368 1194 2412; x_wconf 90' lang='lat' dir='ltr'><strong>non</strong></span> <span class='ocrx_word' id='word_1_182' title='bbox 1222 2349 1508 2436; x_wconf 84' lang='lat' dir='ltr'><strong>evulgare</strong></span> <span class='ocrx_word' id='word_1_183' title='bbox 1537 2350 1749 2414; x_wconf 83' lang='lat' dir='ltr'><strong>mentis</strong></span> <span class='ocrx_word' id='word_1_184' title='bbox 1786 2339 1929 2415; x_wconf 83' lang='lat' dir='ltr'><strong>suae</strong></span> <span class='ocrx_word' id='word_1_185' title='bbox 1961 2350 2249 2437; x_wconf 87' lang='lat' dir='ltr'><strong>cogitata;</strong></span> <span class='ocrx_word' id='word_1_186' title='bbox 2304 2338 2725 2438; x_wconf 57' lang='lat' dir='ltr'><strong>quare&#39;bypo·</strong></span> 
     </span>
     <span class='ocr_line' id='line_1_21' title="bbox 620 2448 2723 2537; baseline 0.001 -26"><span class='ocrx_word' id='word_1_187' title='bbox 620 2448 800 2524; x_wconf 90' lang='lat' dir='ltr'><strong>crita,</strong></span> <span class='ocrx_word' id='word_1_188' title='bbox 857 2469 988 2511; x_wconf 91' lang='lat' dir='ltr'><strong>cum</strong></span> <span class='ocrx_word' id='word_1_189' title='bbox 1017 2449 1172 2512; x_wconf 90' lang='lat' dir='ltr'><strong>inter</strong></span> <span class='ocrx_word' id='word_1_190' title='bbox 1194 2450 1489 2537; x_wconf 88' lang='lat' dir='ltr'><strong>sapientes</strong></span> <span class='ocrx_word' id='word_1_191' title='bbox 1510 2452 1719 2523; x_wconf 70' lang='lat' dir='ltr'><strong>venit,</strong></span> <span class='ocrx_word' id='word_1_192' title='bbox 1770 2451 1865 2516; x_wconf 86' lang='lat' dir='ltr'><strong>vel</strong></span> <span class='ocrx_word' id='word_1_193' title='bbox 1907 2451 2064 2526; x_wconf 85' lang='lat' dir='ltr'><strong>abit,</strong></span> <span class='ocrx_word' id='word_1_194' title='bbox 2121 2451 2214 2514; x_wconf 80' lang='lat' dir='ltr'><strong>vel</strong></span> <span class='ocrx_word' id='word_1_195' title='bbox 2257 2450 2506 2536; x_wconf 80' lang='lat' dir='ltr'><strong>proripit</strong></span> <span class='ocrx_word' id='word_1_196' title='bbox 2547 2471 2614 2513; x_wconf 90' lang='lat' dir='ltr'><strong>se</strong></span> <span class='ocrx_word' id='word_1_197' title='bbox 2654 2450 2723 2513; x_wconf 88' lang='lat' dir='ltr'><strong>ad</strong></span> 
     </span>
     <span class='ocr_line' id='line_1_22' title="bbox 623 2537 2723 2637; baseline -0 -23"><span class='ocrx_word' id='word_1_198' title='bbox 623 2549 908 2637; x_wconf 88' lang='lat' dir='ltr'><strong>angulum</strong></span> <span class='ocrx_word' id='word_1_199' title='bbox 942 2549 998 2612; x_wconf 87' lang='lat' dir='ltr'><strong>in</strong></span> <span class='ocrx_word' id='word_1_200' title='bbox 1035 2551 1334 2626; x_wconf 86' lang='lat' dir='ltr'><strong>conclavi,</strong></span> <span class='ocrx_word' id='word_1_201' title='bbox 1383 2560 1443 2614; x_wconf 90' lang='lat' dir='ltr'><strong>et</strong></span> <span class='ocrx_word' id='word_1_202' title='bbox 1479 2549 1635 2615; x_wconf 86' lang='lat' dir='ltr'><strong>facit·</strong></span> <span class='ocrx_word' id='word_1_203' title='bbox 1658 2571 1719 2616; x_wconf 91' lang='lat' dir='ltr'><strong>se</strong></span> <span class='ocrx_word' id='word_1_204' title='bbox 1760 2537 2235 2636; x_wconf 82' lang='lat' dir='ltr'><strong>inconspicuum,</strong></span> <span class='ocrx_word' id='word_1_205' title='bbox 2289 2560 2349 2614; x_wconf 90' lang='lat' dir='ltr'><strong>et</strong></span> <span class='ocrx_word' id='word_1_206' title='bbox 2390 2551 2556 2614; x_wconf 88' lang='lat' dir='ltr'><strong>sedet</strong></span> <span class='ocrx_word' id='word_1_207' title='bbox 2596 2571 2723 2613; x_wconf 87' lang='lat' dir='ltr'><strong>mu-</strong></span> 
     </span>
     <span class='ocr_line' id='line_1_23' title="bbox 619 2649 2722 2740; baseline -0 -27"><span class='ocrx_word' id='word_1_208' title='bbox 619 2660 730 2715; x_wconf 88' lang='lat' dir='ltr'><strong>tus.</strong></span> <span class='ocrx_word' id='word_1_209' title='bbox 810 2650 1125 2731; x_wconf 87' lang='lat' dir='ltr'><strong>Quondam</strong></span> <span class='ocrx_word' id='word_1_210' title='bbox 1155 2661 1326 2714; x_wconf 87' lang='lat' dir='ltr'><strong>erant</strong></span> <span class='ocrx_word' id='word_1_211' title='bbox 1354 2652 1519 2715; x_wconf 89' lang='lat' dir='ltr'><strong>multi</strong></span> <span class='ocrx_word' id='word_1_212' title='bbox 1549 2652 1611 2714; x_wconf 89' lang='lat' dir='ltr'><strong>in</strong></span> <span class='ocrx_word' id='word_1_213' title='bbox 1639 2652 1865 2716; x_wconf 88' lang='lat' dir='ltr'><strong>Mundo</strong></span> <span class='ocrx_word' id='word_1_214' title='bbox 1895 2651 2218 2740; x_wconf 88' lang='lat' dir='ltr'><strong>Spirituum</strong></span> <span class='ocrx_word' id='word_1_215' title='bbox 2249 2649 2631 2737; x_wconf 89' lang='lat' dir='ltr'><strong>congregati,</strong></span> <span class='ocrx_word' id='word_1_216' title='bbox 2667 2659 2722 2713; x_wconf 91' lang='lat' dir='ltr'><strong>et</strong></span> 
     </span>
     <span class='ocr_line' id='line_1_24' title="bbox 617 2750 2724 2839; baseline -0.003 -24"><span class='ocrx_word' id='word_1_217' title='bbox 617 2752 690 2815; x_wconf 92' lang='lat' dir='ltr'><strong>de</strong></span> <span class='ocrx_word' id='word_1_218' title='bbox 716 2751 831 2816; x_wconf 89' lang='lat' dir='ltr'><strong>hac</strong></span> <span class='ocrx_word' id='word_1_219' title='bbox 861 2773 921 2816; x_wconf 85' lang='lat' dir='ltr'><strong>re</strong></span> <span class='ocrx_word' id='word_1_220' title='bbox 951 2752 1107 2818; x_wconf 88' lang='lat' dir='ltr'><strong>inter</strong></span> <span class='ocrx_word' id='word_1_221' title='bbox 1131 2774 1194 2816; x_wconf 90' lang='lat' dir='ltr'><strong>se</strong></span> <span class='ocrx_word' id='word_1_222' title='bbox 1237 2752 1672 2838; x_wconf 86' lang='lat' dir='ltr'><strong>loquebantur,</strong></span> <span class='ocrx_word' id='word_1_223' title='bbox 1726 2754 2018 2827; x_wconf 86' lang='lat' dir='ltr'><strong>dicentes,</strong></span> <span class='ocrx_word' id='word_1_224' title='bbox 2074 2753 2231 2839; x_wconf 81' lang='lat' dir='ltr'><strong>quud</strong></span> <span class='ocrx_word' id='word_1_225' title='bbox 2276 2773 2598 2838; x_wconf 22' lang='lat' dir='ltr'><strong>nonssposse</strong></span> <span class='ocrx_word' id='word_1_226' title='bbox 2638 2750 2724 2814; x_wconf 83' lang='lat' dir='ltr'><strong>lo·.</strong></span> 
     </span>
     <span class='ocr_line' id='line_1_25' title="bbox 617 2851 2723 2940; baseline -0.001 -24"><span class='ocrx_word' id='word_1_227' title='bbox 617 2853 715 2940; x_wconf 89' lang='lat' dir='ltr'><strong>qui</strong></span> <span class='ocrx_word' id='word_1_228' title='bbox 748 2853 853 2917; x_wconf 90' lang='lat' dir='ltr'><strong>nisi</strong></span> <span class='ocrx_word' id='word_1_229' title='bbox 882 2854 1033 2917; x_wconf 88' lang='lat' dir='ltr'><strong>sicut</strong></span> <span class='ocrx_word' id='word_1_230' title='bbox 1061 2854 1316 2939; x_wconf 79' lang='lat' dir='ltr'><strong>cogitat,</strong></span> <span class='ocrx_word' id='word_1_231' title='bbox 1355 2854 1427 2917; x_wconf 86' lang='lat' dir='ltr'><strong>sit</strong></span> <span class='ocrx_word' id='word_1_232' title='bbox 1458 2853 1671 2917; x_wconf 88' lang='lat' dir='ltr'><strong>durum</strong></span> <span class='ocrx_word' id='word_1_233' title='bbox 1702 2853 1814 2918; x_wconf 91' lang='lat' dir='ltr'><strong>illis</strong></span> <span class='ocrx_word' id='word_1_234' title='bbox 1837 2854 1896 2916; x_wconf 91' lang='lat' dir='ltr'><strong>in</strong></span> <span class='ocrx_word' id='word_1_235' title='bbox 1927 2853 2220 2916; x_wconf 87' lang='lat' dir='ltr'><strong>bonorum</strong></span> <span class='ocrx_word' id='word_1_236' title='bbox 2250 2853 2587 2927; x_wconf 88' lang='lat' dir='ltr'><strong>consortio,</strong></span> <span class='ocrx_word' id='word_1_237' title='bbox 2623 2851 2723 2937; x_wconf 87' lang='lat' dir='ltr'><strong>qui</strong></span> 
     </span>
     <span class='ocr_line' id='line_1_26' title="bbox 618 2953 2726 3037; baseline -0.001 -21"><span class='ocrx_word' id='word_1_238' title='bbox 618 2974 737 3016; x_wconf 92' lang='lat' dir='ltr'><strong>non</strong></span> <span class='ocrx_word' id='word_1_239' title='bbox 765 2953 916 3037; x_wconf 87' lang='lat' dir='ltr'><strong>juste</strong></span> <span class='ocrx_word' id='word_1_240' title='bbox 943 2955 1358 3037; x_wconf 82' lang='lat' dir='ltr'><strong>cogitaverunt</strong></span> <span class='ocrx_word' id='word_1_241' title='bbox 1385 2954 1458 3018; x_wconf 91' lang='lat' dir='ltr'><strong>de</strong></span> <span class='ocrx_word' id='word_1_242' title='bbox 1486 2953 1617 3018; x_wconf 90' lang='lat' dir='ltr'><strong>Deo</strong></span> <span class='ocrx_word' id='word_1_243' title='bbox 1664 2963 1722 3017; x_wconf 89' lang='lat' dir='ltr'><strong>et</strong></span> <span class='ocrx_word' id='word_1_244' title='bbox 1762 2954 1835 3017; x_wconf 90' lang='lat' dir='ltr'><strong>de</strong></span> <span class='ocrx_word' id='word_1_245' title='bbox 1875 2953 2153 3017; x_wconf 91' lang='lat' dir='ltr'><strong>Domino.</strong></span> <span class='ocrx_word' id='word_1_246' title='bbox 2235 2953 2301 3016; x_wconf 90' lang='lat' dir='ltr'><strong>In</strong></span> <span class='ocrx_word' id='word_1_247' title='bbox 2349 2953 2544 3016; x_wconf 90' lang='lat' dir='ltr'><strong>medio</strong></span> <span class='ocrx_word' id='word_1_248' title='bbox 2589 2973 2726 3013; x_wconf 88' lang='lat' dir='ltr'><strong>con·</strong></span> 
     </span>
     <span class='ocr_line' id='line_1_27' title="bbox 619 3051 2727 3139; baseline 0.001 -25"><span class='ocrx_word' id='word_1_249' title='bbox 619 3061 1000 3138; x_wconf 88' lang='lat' dir='ltr'><strong>gregatorum</strong></span> <span class='ocrx_word' id='word_1_250' title='bbox 1029 3062 1198 3117; x_wconf 88' lang='lat' dir='ltr'><strong>erant</strong></span> <span class='ocrx_word' id='word_1_251' title='bbox 1226 3053 1594 3130; x_wconf 82' lang='lat' dir='ltr'><strong>Reformati,</strong></span> <span class='ocrx_word' id='word_1_252' title='bbox 1647 3063 1706 3120; x_wconf 86' lang='lat' dir='ltr'><strong>et</strong></span> <span class='ocrx_word' id='word_1_253' title='bbox 1733 3054 1900 3118; x_wconf 88' lang='lat' dir='ltr'><strong>multi</strong></span> <span class='ocrx_word' id='word_1_254' title='bbox 1928 3075 1999 3118; x_wconf 83' lang='lat' dir='ltr'><strong>ex</strong></span> <span class='ocrx_word' id='word_1_255' title='bbox 2028 3052 2235 3127; x_wconf 88' lang='lat' dir='ltr'><strong>Clero,</strong></span> <span class='ocrx_word' id='word_1_256' title='bbox 2285 3074 2355 3116; x_wconf 86' lang='lat' dir='ltr'><strong>ex</strong></span> <span class='ocrx_word' id='word_1_257' title='bbox 2390 3054 2553 3139; x_wconf 84' lang='lat' dir='ltr'><strong>juxta</strong></span> <span class='ocrx_word' id='word_1_258' title='bbox 2599 3051 2727 3116; x_wconf 86' lang='lat' dir='ltr'><strong>illos</strong></span> 
     </span>
     <span class='ocr_line' id='line_1_28' title="bbox 619 3150 2726 3241; baseline -0.001 -25"><span class='ocrx_word' id='word_1_259' title='bbox 619 3150 912 3216; x_wconf 82' lang='lat' dir='ltr'><strong>Pontificii</strong></span> <span class='ocrx_word' id='word_1_260' title='bbox 945 3174 1076 3215; x_wconf 90' lang='lat' dir='ltr'><strong>cum</strong></span> <span class='ocrx_word' id='word_1_261' title='bbox 1107 3154 1443 3226; x_wconf 85' lang='lat' dir='ltr'><strong>monacbis;</strong></span> <span class='ocrx_word' id='word_1_262' title='bbox 1497 3176 1567 3216; x_wconf 91' lang='lat' dir='ltr'><strong>ac</strong></span> <span class='ocrx_word' id='word_1_263' title='bbox 1605 3154 1665 3217; x_wconf 90' lang='lat' dir='ltr'><strong>hi</strong></span> <span class='ocrx_word' id='word_1_264' title='bbox 1708 3164 1766 3217; x_wconf 91' lang='lat' dir='ltr'><strong>et</strong></span> <span class='ocrx_word' id='word_1_265' title='bbox 1805 3155 1885 3216; x_wconf 87' lang='lat' dir='ltr'><strong>illi</strong></span> <span class='ocrx_word' id='word_1_266' title='bbox 1926 3155 2176 3241; x_wconf 88' lang='lat' dir='ltr'><strong>primum</strong></span> <span class='ocrx_word' id='word_1_267' title='bbox 2208 3154 2512 3228; x_wconf 83' lang='lat' dir='ltr'><strong>dixerunt,</strong></span> <span class='ocrx_word' id='word_1_268' title='bbox 2565 3152 2726 3238; x_wconf 90' lang='lat' dir='ltr'><strong>quod</strong></span> 
     </span>
     <span class='ocr_line' id='line_1_29' title="bbox 618 3245 2726 3340; baseline 0.002 -28"><span class='ocrx_word' id='word_1_269' title='bbox 618 3249 732 3313; x_wconf 90' lang='lat' dir='ltr'><strong>boc</strong></span> <span class='ocrx_word' id='word_1_270' title='bbox 765 3272 882 3314; x_wconf 90' lang='lat' dir='ltr'><strong>non</strong></span> <span class='ocrx_word' id='word_1_271' title='bbox 915 3245 1127 3314; x_wconf 76' lang='lat' dir='ltr'><strong>durum</strong></span> <span class='ocrx_word' id='word_1_272' title='bbox 1157 3254 1258 3326; x_wconf 90' lang='lat' dir='ltr'><strong>sit,</strong></span> <span class='ocrx_word' id='word_1_273' title='bbox 1317 3253 1455 3339; x_wconf 90' lang='lat' dir='ltr'><strong>quid</strong></span> <span class='ocrx_word' id='word_1_274' title='bbox 1486 3274 1632 3340; x_wconf 90' lang='lat' dir='ltr'><strong>opus</strong></span> <span class='ocrx_word' id='word_1_275' title='bbox 1659 3254 1830 3315; x_wconf 89' lang='lat' dir='ltr'><strong>aliter</strong></span> <span class='ocrx_word' id='word_1_276' title='bbox 1871 3255 2030 3340; x_wconf 89' lang='lat' dir='ltr'><strong>loqui</strong></span> <span class='ocrx_word' id='word_1_277' title='bbox 2071 3275 2247 3340; x_wconf 90' lang='lat' dir='ltr'><strong>quam</strong></span> <span class='ocrx_word' id='word_1_278' title='bbox 2291 3254 2442 3321; x_wconf 85' lang='lat' dir='ltr'><strong>sicut</strong></span> <span class='ocrx_word' id='word_1_279' title='bbox 2483 3254 2726 3339; x_wconf 87' lang='lat' dir='ltr'><strong>cogitat,</strong></span> 
     </span>
     <span class='ocr_line' id='line_1_30' title="bbox 616 3349 2726 3442; baseline 0.001 -29"><span class='ocrx_word' id='word_1_280' title='bbox 616 3361 675 3413; x_wconf 90' lang='lat' dir='ltr'><strong>et</strong></span> <span class='ocrx_word' id='word_1_281' title='bbox 716 3352 761 3413; x_wconf 91' lang='lat' dir='ltr'><strong>si</strong></span> <span class='ocrx_word' id='word_1_282' title='bbox 807 3349 959 3415; x_wconf 82' lang='lat' dir='ltr'><strong>forte</strong></span> <span class='ocrx_word' id='word_1_283' title='bbox 1002 3372 1123 3414; x_wconf 91' lang='lat' dir='ltr'><strong>non</strong></span> <span class='ocrx_word' id='word_1_284' title='bbox 1167 3351 1315 3434; x_wconf 88' lang='lat' dir='ltr'><strong>juste</strong></span> <span class='ocrx_word' id='word_1_285' title='bbox 1365 3352 1615 3435; x_wconf 86' lang='lat' dir='ltr'><strong>cogitet,</strong></span> <span class='ocrx_word' id='word_1_286' title='bbox 1672 3360 1938 3436; x_wconf 88' lang='lat' dir='ltr'><strong>potestne</strong></span> <span class='ocrx_word' id='word_1_287' title='bbox 1982 3356 2375 3442; x_wconf 22' lang='lat' dir='ltr'><strong>&#39;comprimere</strong></span> <span class='ocrx_word' id='word_1_288' title='bbox 2419 3353 2614 3428; x_wconf 88' lang='lat' dir='ltr'><strong>labia,</strong></span> <span class='ocrx_word' id='word_1_289' title='bbox 2668 3361 2726 3416; x_wconf 88' lang='lat' dir='ltr'><strong>et</strong></span> 
     </span>
     <span class='ocr_line' id='line_1_31' title="bbox 616 3450 2726 3540; baseline 0.001 -26"><span class='ocrx_word' id='word_1_290' title='bbox 616 3461 819 3517; x_wconf 88' lang='lat' dir='ltr'><strong>tenere</strong></span> <span class='ocrx_word' id='word_1_291' title='bbox 869 3450 1200 3519; x_wconf 77' lang='lat' dir='ltr'><strong>silentium:</strong></span> <span class='ocrx_word' id='word_1_292' title='bbox 1267 3461 1324 3513; x_wconf 85' lang='lat' dir='ltr'><strong>et</strong></span> <span class='ocrx_word' id='word_1_293' title='bbox 1376 3450 1582 3515; x_wconf 90' lang='lat' dir='ltr'><strong>Clerus</strong></span> <span class='ocrx_word' id='word_1_294' title='bbox 1622 3451 1802 3530; x_wconf 80' lang='lat' dir='ltr'><strong>dixit,</strong></span> <span class='ocrx_word' id='word_1_295' title='bbox 1853 3456 1983 3538; x_wconf 89' lang='lat' dir='ltr'><strong>quis</strong></span> <span class='ocrx_word' id='word_1_296' title='bbox 2030 3477 2148 3518; x_wconf 92' lang='lat' dir='ltr'><strong>non</strong></span> <span class='ocrx_word' id='word_1_297' title='bbox 2195 3455 2414 3540; x_wconf 89' lang='lat' dir='ltr'><strong>cogitat</strong></span> <span class='ocrx_word' id='word_1_298' title='bbox 2457 3455 2611 3539; x_wconf 81' lang='lat' dir='ltr'><strong>juste</strong></span> <span class='ocrx_word' id='word_1_299' title='bbox 2652 3453 2726 3516; x_wconf 94' lang='lat' dir='ltr'><strong>de</strong></span> 
     </span>
     <span class='ocr_line' id='line_1_32' title="bbox 616 3551 2729 3640; baseline -0 -24"><span class='ocrx_word' id='word_1_300' title='bbox 616 3553 745 3617; x_wconf 90' lang='lat' dir='ltr'><strong>Deo</strong></span> <span class='ocrx_word' id='word_1_301' title='bbox 773 3553 932 3615; x_wconf 89' lang='lat' dir='ltr'><strong>etde</strong></span> <span class='ocrx_word' id='word_1_302' title='bbox 961 3552 1252 3615; x_wconf 87' lang='lat' dir='ltr'><strong>Domino:</strong></span> <span class='ocrx_word' id='word_1_303' title='bbox 1303 3552 1405 3615; x_wconf 88' lang='lat' dir='ltr'><strong>sed</strong></span> <span class='ocrx_word' id='word_1_304' title='bbox 1439 3551 1618 3637; x_wconf 88' lang='lat' dir='ltr'><strong>aliqui</strong></span> <span class='ocrx_word' id='word_1_305' title='bbox 1650 3573 1720 3614; x_wconf 80' lang='lat' dir='ltr'><strong>ex</strong></span> <span class='ocrx_word' id='word_1_306' title='bbox 1762 3555 2134 3640; x_wconf 87' lang='lat' dir='ltr'><strong>congregatis</strong></span> <span class='ocrx_word' id='word_1_307' title='bbox 2174 3557 2480 3632; x_wconf 81' lang='lat' dir='ltr'><strong>dixerunt,</strong></span> <span class='ocrx_word' id='word_1_308' title='bbox 2535 3563 2729 3617; x_wconf 87' lang='lat' dir='ltr'><strong>tente-</strong></span> 
     </span>
    </p>
   </div>
   <div class='ocr_carea' id='block_1_3' title="bbox 508 3651 2732 3742">
    <p class='ocr_par' dir='ltr' id='par_1_3' title="bbox 508 3651 2732 3742">
     <span class='ocr_line' id='line_1_33' title="bbox 508 3651 2732 3742; baseline 0 -27"><span class='ocrx_word' id='word_1_309' title='bbox 508 3732 520 3742; x_wconf 43' lang='lat'><strong>·</strong></span> <span class='ocrx_word' id='word_1_310' title='bbox 614 3674 742 3717; x_wconf 89' lang='lat' dir='ltr'><strong>mus</strong></span> <span class='ocrx_word' id='word_1_311' title='bbox 770 3652 933 3726; x_wconf 88' lang='lat' dir='ltr'><strong>illos;</strong></span> <span class='ocrx_word' id='word_1_312' title='bbox 988 3661 1048 3715; x_wconf 91' lang='lat' dir='ltr'><strong>et</strong></span> <span class='ocrx_word' id='word_1_313' title='bbox 1076 3651 1348 3716; x_wconf 84' lang='lat' dir='ltr'><strong>dixerunt</strong></span> <span class='ocrx_word' id='word_1_314' title='bbox 1375 3651 1519 3728; x_wconf 88' lang='lat' dir='ltr'><strong>illis,</strong></span> <span class='ocrx_word' id='word_1_315' title='bbox 1573 3654 1671 3739; x_wconf 89' lang='lat' dir='ltr'><strong>qui</strong></span> <span class='ocrx_word' id='word_1_316' title='bbox 1702 3674 1765 3718; x_wconf 90' lang='lat' dir='ltr'><strong>se</strong></span> <span class='ocrx_word' id='word_1_317' title='bbox 1804 3655 2309 3719; x_wconf 72' lang='lat' dir='ltr'><strong>confirmaverunt</strong></span> <span class='ocrx_word' id='word_1_318' title='bbox 2345 3656 2404 3717; x_wconf 90' lang='lat' dir='ltr'><strong>in</strong></span> <span class='ocrx_word' id='word_1_319' title='bbox 2428 3656 2732 3719; x_wconf 76' lang='lat' dir='ltr'><strong>Trinitate.</strong></span> 
     </span>
    </p>
   </div>
   <div class='ocr_carea' id='block_1_4' title="bbox 611 3751 2726 4341">
    <p class='ocr_par' dir='ltr' id='par_1_4' title="bbox 611 3751 2726 4341">
     <span class='ocr_line' id='line_1_34' title="bbox 613 3751 2723 3839; baseline -0 -22"><span class='ocrx_word' id='word_1_320' title='bbox 613 3753 1013 3818; x_wconf 87' lang='lat' dir='ltr'><strong>Personarum</strong></span> <span class='ocrx_word' id='word_1_321' title='bbox 1043 3752 1115 3815; x_wconf 89' lang='lat' dir='ltr'><strong>de</strong></span> <span class='ocrx_word' id='word_1_322' title='bbox 1142 3751 1306 3827; x_wconf 91' lang='lat' dir='ltr'><strong>Deo,</strong></span> <span class='ocrx_word' id='word_1_323' title='bbox 1362 3764 1424 3817; x_wconf 90' lang='lat' dir='ltr'><strong>ut</strong></span> <span class='ocrx_word' id='word_1_324' title='bbox 1455 3774 1527 3816; x_wconf 83' lang='lat' dir='ltr'><strong>ex</strong></span> <span class='ocrx_word' id='word_1_325' title='bbox 1554 3754 1911 3839; x_wconf 73' lang='lat' dir='ltr'><strong>cogitatione</strong></span> <span class='ocrx_word' id='word_1_326' title='bbox 1955 3755 2222 3819; x_wconf 89' lang='lat' dir='ltr'><strong>dicerent</strong></span> <span class='ocrx_word' id='word_1_327' title='bbox 2251 3756 2452 3820; x_wconf 91' lang='lat' dir='ltr'><strong>Unum</strong></span> <span class='ocrx_word' id='word_1_328' title='bbox 2496 3756 2723 3826; x_wconf 85' lang='lat' dir='ltr'><strong>Deum;</strong></span> 
     </span>
     <span class='ocr_line' id='line_1_35' title="bbox 612 3852 2725 3944; baseline 0 -27"><span class='ocrx_word' id='word_1_329' title='bbox 612 3852 714 3917; x_wconf 86' lang='lat' dir='ltr'><strong>sed</strong></span> <span class='ocrx_word' id='word_1_330' title='bbox 745 3875 865 3917; x_wconf 86' lang='lat' dir='ltr'><strong>nou</strong></span> <span class='ocrx_word' id='word_1_331' title='bbox 895 3862 1246 3940; x_wconf 86' lang='lat' dir='ltr'><strong>potuerunt,</strong></span> <span class='ocrx_word' id='word_1_332' title='bbox 1301 3863 1721 3918; x_wconf 87' lang='lat' dir='ltr'><strong>contorserunt</strong></span> <span class='ocrx_word' id='word_1_333' title='bbox 1760 3865 1820 3919; x_wconf 86' lang='lat' dir='ltr'><strong>et</strong></span> <span class='ocrx_word' id='word_1_334' title='bbox 1854 3856 2225 3943; x_wconf 84' lang='lat' dir='ltr'><strong>plicaverunt</strong></span> <span class='ocrx_word' id='word_1_335' title='bbox 2255 3856 2410 3922; x_wconf 88' lang='lat' dir='ltr'><strong>labia</strong></span> <span class='ocrx_word' id='word_1_336' title='bbox 2440 3856 2499 3918; x_wconf 89' lang='lat' dir='ltr'><strong>in</strong></span> <span class='ocrx_word' id='word_1_337' title='bbox 2530 3856 2725 3944; x_wconf 89' lang='lat' dir='ltr'><strong>plures</strong></span> 
     </span>
     <span class='ocr_line' id='line_1_36' title="bbox 611 3952 2723 4042; baseline 0 -25"><span class='ocrx_word' id='word_1_338' title='bbox 611 3952 810 4036; x_wconf 80' lang='lat' dir='ltr'><strong>sinus,</strong></span> <span class='ocrx_word' id='word_1_339' title='bbox 858 3961 915 4016; x_wconf 86' lang='lat' dir='ltr'><strong>et</strong></span> <span class='ocrx_word' id='word_1_340' title='bbox 944 3974 1064 4017; x_wconf 90' lang='lat' dir='ltr'><strong>non</strong></span> <span class='ocrx_word' id='word_1_341' title='bbox 1094 3961 1414 4042; x_wconf 86' lang='lat' dir='ltr'><strong>potuerunt</strong></span> <span class='ocrx_word' id='word_1_342' title='bbox 1443 3953 1759 4019; x_wconf 86' lang='lat' dir='ltr'><strong>articulare</strong></span> <span class='ocrx_word' id='word_1_343' title='bbox 1787 3977 1997 4021; x_wconf 90' lang='lat' dir='ltr'><strong>sonum</strong></span> <span class='ocrx_word' id='word_1_344' title='bbox 2028 3955 2087 4019; x_wconf 92' lang='lat' dir='ltr'><strong>in</strong></span> <span class='ocrx_word' id='word_1_345' title='bbox 2120 3977 2295 4020; x_wconf 90' lang='lat' dir='ltr'><strong>voces</strong></span> <span class='ocrx_word' id='word_1_346' title='bbox 2323 3956 2500 4031; x_wconf 83' lang='lat' dir='ltr'><strong>alias,</strong></span> <span class='ocrx_word' id='word_1_347' title='bbox 2546 3975 2723 4041; x_wconf 87' lang='lat' dir='ltr'><strong>quam</strong></span> 
     </span>
     <span class='ocr_line' id='line_1_37' title="bbox 611 4053 2724 4142; baseline 0 -26"><span class='ocrx_word' id='word_1_348' title='bbox 611 4053 757 4118; x_wconf 90' lang='lat' dir='ltr'><strong>ideis</strong></span> <span class='ocrx_word' id='word_1_349' title='bbox 784 4054 1161 4139; x_wconf 84' lang='lat' dir='ltr'><strong>cogitationis</strong></span> <span class='ocrx_word' id='word_1_350' title='bbox 1185 4053 1424 4119; x_wconf 87' lang='lat' dir='ltr'><strong>illorum</strong></span> <span class='ocrx_word' id='word_1_351' title='bbox 1450 4076 1778 4131; x_wconf 80' lang='lat' dir='ltr'><strong>consonas,</strong></span> <span class='ocrx_word' id='word_1_352' title='bbox 1832 4078 1984 4142; x_wconf 87' lang='lat' dir='ltr'><strong>quae</strong></span> <span class='ocrx_word' id='word_1_353' title='bbox 2018 4065 2189 4121; x_wconf 88' lang='lat' dir='ltr'><strong>erant</strong></span> <span class='ocrx_word' id='word_1_354' title='bbox 2222 4056 2400 4119; x_wconf 86' lang='lat' dir='ltr'><strong>trium</strong></span> <span class='ocrx_word' id='word_1_355' title='bbox 2428 4057 2724 4121; x_wconf 89' lang='lat' dir='ltr'><strong>Persona-</strong></span> 
     </span>
     <span class='ocr_line' id='line_1_38' title="bbox 611 4152 2726 4243; baseline 0.001 -29"><span class='ocrx_word' id='word_1_356' title='bbox 611 4173 779 4227; x_wconf 86' lang='lat' dir='ltr'><strong>rum,</strong></span> <span class='ocrx_word' id='word_1_357' title='bbox 832 4162 891 4215; x_wconf 87' lang='lat' dir='ltr'><strong>et</strong></span> <span class='ocrx_word' id='word_1_358' title='bbox 918 4152 1055 4216; x_wconf 88' lang='lat' dir='ltr'><strong>inde</strong></span> <span class='ocrx_word' id='word_1_359' title='bbox 1078 4154 1260 4216; x_wconf 85' lang='lat' dir='ltr'><strong>trium</strong></span> <span class='ocrx_word' id='word_1_360' title='bbox 1289 4155 1575 4219; x_wconf 84' lang='lat' dir='ltr'><strong>Deorum.</strong></span> <span class='ocrx_word' id='word_1_361' title='bbox 1654 4156 1851 4219; x_wconf 88' lang='lat' dir='ltr'><strong>Porro</strong></span> <span class='ocrx_word' id='word_1_362' title='bbox 1879 4155 2097 4230; x_wconf 88' lang='lat' dir='ltr'><strong>dictum</strong></span> <span class='ocrx_word' id='word_1_363' title='bbox 2129 4164 2216 4221; x_wconf 85' lang='lat' dir='ltr'><strong>est</strong></span> <span class='ocrx_word' id='word_1_364' title='bbox 2244 4155 2386 4232; x_wconf 89' lang='lat' dir='ltr'><strong>illis,</strong></span> <span class='ocrx_word' id='word_1_365' title='bbox 2442 4154 2544 4243; x_wconf 90' lang='lat' dir='ltr'><strong>qui</strong></span> <span class='ocrx_word' id='word_1_366' title='bbox 2586 4176 2726 4220; x_wconf 90' lang='lat' dir='ltr'><strong>con-</strong></span> 
     </span>
     <span class='ocr_line' id='line_1_39' title="bbox 616 4247 2726 4341; baseline 0.001 -30"><span class='ocrx_word' id='word_1_367' title='bbox 616 4247 1008 4315; x_wconf 83' lang='lat' dir='ltr'><strong>firmaverunt</strong></span> <span class='ocrx_word' id='word_1_368' title='bbox 1060 4251 1262 4316; x_wconf 89' lang='lat' dir='ltr'><strong>Fidem</strong></span> <span class='ocrx_word' id='word_1_369' title='bbox 1315 4253 1668 4339; x_wconf 72' lang='lat' dir='ltr'><strong>Sep-aratam</strong></span> <span class='ocrx_word' id='word_1_370' title='bbox 1724 4274 1757 4317; x_wconf 89' lang='lat' dir='ltr'><strong>a</strong></span> <span class='ocrx_word' id='word_1_371' title='bbox 1801 4253 2101 4341; x_wconf 25' lang='lat' dir='ltr'><strong>‘charitate</strong></span> <span class='ocrx_word' id='word_1_372' title='bbox 2123 4303 2139 4331; x_wconf 94' lang='lat'><strong>,</strong></span> <span class='ocrx_word' id='word_1_373' title='bbox 2227 4263 2290 4318; x_wconf 90' lang='lat' dir='ltr'><strong>ut</strong></span> <span class='ocrx_word' id='word_1_374' title='bbox 2345 4257 2726 4319; x_wconf 85' lang='lat' dir='ltr'><strong>nominarent</strong></span> 
     </span>
    </p>
   </div>
  </div>
 </body>
</html>
