3309 4775
831 891 1093 964 VERA
1154 888 1755 964 CHRISTIANA
1806 889 2242 982 RELIGIO,

1328 1050 1753 1104 commanis

604 1176 1417 1274 UNIVERSAM
1525 1183 2451 1272 THEOLOGIAM

757 1360 957 1424 Novi
1030 1357 1268 1423 CAELI
1340 1359 1448 1428 ΕΤ
1514 1358 1794 1425 Novae
1865 1358 2315 1424 Eccfflsmss.

491 1624 769 1695 FIDES
825 1623 1063 1697 NOVI
1116 1621 1393 1693 CAELI
1457 1625 1582 1692 ET
1645 1622 1980 1695 NOVAE
2042 1620 2582 1695 ECCLESIAE.

646 1759 699 1817 1.
755 1754 928 1819 Fides
963 1755 1023 1816 in
1053 1752 1240 1818 forma
1284 1754 1600 1820 universali
1640 1762 1699 1817 et
1734 1752 2017 1840 singulari
2058 1754 2483 1838 praemittitur,
2521 1767 2592 1822 ut

493 1858 567 1922 sit
594 1856 742 1921 sicut
769 1855 976 1920 Facies
1001 1865 1137 1918 ante
1166 1854 1363 1942 Opus,
1403 1855 1559 1941 quod
1587 1854 1883 1942 sequitur3
1928 1875 1998 1917 ac
2024 1866 2085 1917 ut
2114 1854 2188 1919 sit
2213 1854 2363 1921 sicut
2387 1857 2590 1934 Porta.

496 1979 600 2044 per
625 1979 804 2043 quam
833 1955 898 2020 fit
924 1957 1218 2042 ingressus
1250 1957 1309 2018 in
1340 1955 1685 2044 Templum;
1727 1965 1909 2041 utque
1949 1955 2023 2017 sit
2063 1954 2489 2034 summarium,
2528 1960 2592 2022 in

494 2081 613 2143 quo
652 2058 878 2144 singula
918 2077 1068 2143 quae
1107 2066 1463 2141 sequuntur,
1515 2079 1622 2122 suo
1669 2056 1845 2120 modo
1887 2056 2279 2121 continentur.
2358 2058 2591 2124 Dicitur

497 2159 671 2223 Fides
714 2158 872 2223 Novi
919 2157 1079 2221 Caeli
1119 2167 1176 2220 et
1217 2158 1428 2222 Novae
1468 2157 1802 2233 Ecclesiae,
1846 2156 1982 2243 quia
2022 2155 2266 2220 Caelum
2312 2159 2414 2223 ubi
2454 2169 2593 2224 suut

488 2260 743 2346 Augen,
785 2269 844 2327 et
874 2257 1136 2322 Ecclesia
1177 2258 1236 2320 in
1262 2281 1378 2344 qua
1404 2258 1725 2332 Homines,
1767 2279 1947 2321 unum
1993 2266 2177 2342 agunt
2213 2257 2363 2323 sicut
2402 2258 2591 2325 Inter·

497 2384 638 2425 num
667 2370 722 2425 et
753 2360 1073 2425 Externum
1115 2359 1268 2446 apud
1298 2358 1627 2432 hominen„
1672 2359 1806 2423 inde
1847 2369 1933 2426 est
1976 2359 2134 2446 quod
2173 2356 2353 2426 homo
2388 2359 2593 2428 Eccle-

498 2464 653 2538 siae,
695 2462 878 2550 quiin
911 2462 1068 2525 bono
1097 2462 1313 2525 amoris
1339 2483 1410 2525 ex
1437 2464 1590 2525 veris
1616 2460 1748 2524 fidei
1782 2470 1900 2537 est,
1945 2483 2017 2525 ac
2052 2459 2109 2522 in
2152 2462 2307 2526 veris
2344 2459 2481 2527 fidei
2520 2483 2593 2528 ex
2702 2495 2706 2500 ·

501 2554 660 2626 bono
701 2563 947 2637 amoris,
999 2562 1074 2627 sit
1114 2562 1309 2648 quoad
1352 2563 1637 2625 interiora
1686 2564 1895 2626 mentis
1940 2582 2083 2625 suae
2120 2562 2383 2648 Angelus
2419 2563 2592 2640 caeli,

498 2687 684 2750 quare
711 2664 884 2728 etiam
916 2673 1042 2750 post
1069 2677 1316 2727 mortem
1346 2663 1405 2725 in
1433 2662 1676 2726 Caelum
1707 2663 1900 2739 venit,
1942 2673 2003 2726 et
2033 2662 2113 2725 ibi
2155 2660 2373 2727 fruitur
2412 2662 2595 2727 felici-

500 2776 623 2829 tate
674 2765 994 2828 secundum
1044 2773 1258 2828 statum
1310 2752 1740 2846 conjunctionis
1791 2763 2046 2827 illorum.
2123 2762 2438 2827 Sciendum
2488 2773 2594 2841 est,

500 2866 659 2952 quod
701 2866 762 2927 in
799 2865 979 2929 Novo
1025 2862 1237 2940 Caelo,
1283 2865 1443 2950 quod
1481 2862 1659 2926 hodie
1697 2885 1732 2927 a
1773 2863 2032 2926 Domino
2072 2863 2463 2941 instauratur,
2517 2865 2595 2930 sit

501 2966 650 3031 haec
675 2965 849 3030 Fides
868 3013 884 3041 ,
924 2963 1135 3039 facies,
1182 2974 1349 3051 porta
1376 2973 1436 3027 et
1460 2965 1843 3028 summarium
1871 2964 2011 3049 ejus.

660 3133 723 3196 2.
803 3122 1026 3188 Fines
1076 3120 1269 3188 Nom
1324 3115 1548 3186 Gmm
1609 3144 1702 3186 m·
1754 3119 2004 3187 Novus:
2057 3119 2459 3188 Eocmesrm
2515 3145 2593 3188 m

504 3222 949 3311 Umvmxsam
1002 3222 1292 3303 Forum,
1372 3217 1550 3287 haec
1604 3233 1738 3286 est.
1829 3215 2045 3313 Quod
2096 3219 2446 3289 Dominus
2499 3218 2590 3289 ab

448 3320 466 3330 “
507 3339 838 3407 aeterno,
892 3319 1035 3416 Qui
1088 3337 1198 3390 est
1249 3319 1616 3404 Jmmnn,
1672 3318 1748 3387 in
1776 3318 2124 3387 Mundum
2161 3320 2457 3406 venerit,
2511 3336 2594 3390 ut

509 3421 925 3520 subjugaret
962 3420 1269 3507 Inferna,
1325 3436 1399 3489 et
1432 3418 1866 3515 glorificaret
1902 3420 2304 3489 Humanum
2346 3446 2553 3490 suum
2567 3448 2591 3513 3

508 3540 585 3594 et
624 3521 824 3622 quod
874 3520 1146 3618 absque
1200 3546 1288 3590 eo
1337 3545 1551 3590 nemo
1595 3519 2005 3591 mortalium
2046 3519 2300 3591 salvari
2336 3538 2594 3619 potue-

508 3625 640 3715 rit3
693 3640 767 3694 et
818 3621 1020 3719 quod
1074 3621 1434 3693 salventur
1485 3621 1607 3718 qui
1664 3619 1971 3691 credunt
1993 3638 1998 3645 '
2023 3623 2099 3691 in
2149 3623 2412 3720 Ipsum.

659 3725 942 3794 Dicitur
991 3724 1068 3793 in
1118 3721 1521 3794 Universali
1568 3721 1821 3807 forma,
1878 3722 2050 3818 quia
2083 3721 2227 3793 hoc
2265 3739 2378 3795 est
2416 3724 2594 3795 Uni-

508 3822 783 3895 versale
824 3824 989 3894 fidei
1002 3876 1024 3911 ‚
1079 3848 1163 3894 ae
1204 3821 1624 3894 Universale
1667 3821 1835 3892 fidei
1887 3840 2033 3910 est,
2089 3823 2289 3920 quod
2327 3824 2403 3894 in
2444 3849 2594 3896 om-

505 3923 725 3997 nibus
777 3941 850 3994 et
901 3924 1196 4022 singulis
1247 3924 1404 3994 erit.
1498 3922 1918 3994 Universale
1971 3923 2140 3994 fidei
2192 3941 2338 4012 est,
2394 3925 2594 4022 quod

506 4028 708 4097 Deus
754 4025 849 4095 sit
879 4025 1083 4096 Unus
1118 4024 1453 4096 Essentia
1489 4041 1563 4094 et
1593 4028 1940 4105 Persona,
1992 4025 2069 4094 in
2116 4023 2278 4122 Quo
2317 4042 2428 4096 est
2467 4026 2595 4096 Di-

506 4128 674 4198 vina
722 4125 1076 4214 TrinitaS,
1129 4144 1202 4197 et
1241 4124 1442 4222 quod
1477 4123 1833 4196 Dominus
1874 4128 2071 4197 Deus
2114 4125 2443 4197 Salvator
2479 4125 2595 4196 Je-

511 4253 633 4299 sus
685 4225 1010 4298 Christus
1077 4227 1175 4299 sit
1237 4224 1389 4296 Ille.
1493 4225 1917 4298 Universale
1982 4225 2152 4296 fidei
2214 4242 2327 4296 est
2395 4223 2594 4320 quod

2124 4327 2177 4398 A

1209 4440 1325 4533 {13
1370 4446 1628 4543 372³}ss
