3309 4775
974 340 982 347 ⁶
1042 394 1158 482 III.
1242 393 1661 447 SI'IRITUS
1716 393 2140 448 SANCTUS.
2225 383 2229 388 ⁴
2287 339 2293 345 ·
2544 339 2658 459 ‘igg

550 547 924 640 pauperibus
952 549 1110 610 misit
1139 545 1276 619 Me,
1332 545 1486 627 Esaj.
1517 545 1689 609 LXI:
1736 549 1789 609 1.
1846 546 1985 609 Luc.
2023 546 2136 611 IV:
2183 550 2281 609 18.
2362 504 2660 636 Hocfae-

558 648 681 713 dus
714 669 942 721 meum,
996 641 1255 737 Spiritus
1304 669 1468 710 meus
1505 649 1614 737 qui
1646 670 1829 738 super
1877 648 1987 722 Te,
2042 646 2328 712 etmerha
2363 671 2496 713 mea
2537 673 2660 714 non

555 746 833 812 recedent
870 770 953 811 ex
998 769 1099 809 ore
1139 760 1240 810 tuo
1282 770 1322 809 a
1361 768 1519 809 nunc
1558 760 1614 811 et
1661 749 1723 810 in
1766 761 2102 820 aeternum,
2154 746 2306 832 Esaj.
2337 747 2508 812 LIX:
2550 753 2653 813 21.

555 848 854 928 Quoniam
886 847 1173 910 Dominus
1211 855 1297 909 est
1323 846 1445 931 ipsa
1474 845 1736 920 VeriIaS,
1787 847 1923 911 inde
1966 868 2141 911 omne
2178 848 2234 910 id
2265 848 2423 933 quod
2454 870 2658 935 proce·

560 947 644 1010 dit
670 969 738 1010 ex
773 946 906 1034 Ipso
930 958 1017 1033 est
1052 948 1300 1019 verium,
1356 956 1414 1009 et
1442 945 1555 1010 hoc
1583 947 1926 1034 intelligitur
1969 969 2072 1032 per
2098 947 2503 1024 Paracletum,
2555 951 2656 1037 qui

557 1048 738 1111 etiam
788 1042 1128 1110 nominatur
1171 1045 1420 1134 Spiritus
1462 1047 1758 1124 veritatis,
1811 1058 1866 1110 et
1911 1046 2160 1133 Spiritus
2203 1047 2492 1119 Sanctus:
2541 1048 2657 1115 hoc

559 1156 788 1212 constat
815 1168 887 1209 ex
916 1145 1007 1211 his
1035 1147 1176 1209 locis
1195 1196 1209 1220 ,
1264 1146 1401 1235 Ego
1432 1146 1811 1211 Vssm‘rA‘rEM
1834 1148 2015 1213 vobis
2043 1147 2212 1225 dico,
2256 1148 2508 1238 prodest
2542 1173 2657 1215 vo·

559 1246 653 1312 bis
682 1263 744 1312 ut
772 1247 908 1336 Ego
936 1248 1146 1313 abeam
1163 1295 1179 1321 ,
1231 1250 1288 1310 si
1323 1250 1480 1310 enim
1517 1271 1636 1310 non
1677 1247 1934 1322 abirem,
1984 1246 2348 1312 Paracletus
2388 1273 2508 1312 non
2549 1273 2656 1314 ve-

560 1351 684 1414 niet
711 1347 797 1412 ad
818 1371 970 1422 vos,-
1009 1352 1067 1410 si
1093 1370 1241 1412 vero
1268 1347 1540 1419 abivero,
1580 1351 1803 1412 mittam
1834 1347 2005 1412 illum
2033 1346 2122 1412 ad
2144 1371 2281 1423 vos,
2308 1349 2344 1412 J
2354 1348 2447 1412 oh.
2479 1348 2654 1417 XVI:

566 1452 626 1512 Ἰ.
709 1448 967 1532 Quando
1013 1449 1243 1513 venerit
1298 1446 1402 1511 ille
1453 1447 1745 1511 Srlnrrus
1797 1466 2157 1521 vem'rmls,
2217 1447 2390 1513 ducet
2431 1471 2550 1513 vos
2593 1453 2653 1513 in

561 1548 810 1613 ΟΜΝΕΜ
841 1567 1237 1611 VERITATEM:
1290 1572 1411 1612 non
1441 1544 1717 1637 loquetur
1742 1573 1780 1612 a
1806 1572 1872 1612 se
1910 1552 2073 1638 ipso,
2126 1547 2238 1611 sed
2271 1571 2658 1641 quaecunque

556 1647 882 1723 audiverit,
953 1646 1251 1740 loquetur,
1322 1647 1462 1712 Joh.
1521 1647 1693 1714 XVI:
1756 1652 1854 1711 13.
1933 1646 2054 1712 Ille
2108 1647 2217 1712 Me
2259 1647 2652 1739 ,glonflcabit,

556 1751 705 1840 quia
731 1770 818 1812 Ex
845 1749 990 1813 ΜΕο
1018 1751 1294 1840 accipiet,
1347 1762 1403 1812 et
1444 1747 1827 1813 annuntiabit
1851 1748 2064 1813 vobis.-
2116 1752 2317 1813 omnia
2356 1772 2655 1839 quaecun-

551 1853 674 1940 ‘que
699 1849 893 1914 Pater
913 1846 1117 1923 habet,
1171 1850 1318 1914 ME:
1350 1861 1526 1922 sunt,
1571 1862 1823 1943 propter
1852 1846 1965 1912 hoc
2001 1847 2168 1923 dixi,
2221 1848 2388 1939 quod
2426 1872 2467 1913 a
2504 1849 2653 1913 Μεο

555 1962 912 2042 accepturus
950 1952 1080 2023 sit,⁴
1113 1962 1170 2013 et
1215 1952 1683 2013 annuntiaturus
1733 1950 1940 2024 vobis,
1996 1947 2133 2012 Joh.
2180 1948 2353 2013 XVI:
2405 1954 2502 2012 14.
2553 1953 2650 2013 15.

555 2049 700 2139 Ego
741 2048 967 2138 rogabo
991 2050 1270 2123 Patrem,
1323 2063 1385 2112 ut
1415 2046 1601 2113 alium
1630 2049 2015 2113 Paracletum
2056 2047 2152 2113 det
2190 2049 2400 2124 vobis,
2452 2050 2653 2113 SPuu·

554 2170 701 2214 ’mm
726 2141 1087 2224 vanuum,
1141 2172 1310 2240 quem
1328 2145 1623 2214 'Mundus
1662 2174 1781 2214 non
1800 2163 2000 2241 potest
2026 2152 2320 2241 accipere,
2373 2153 2655 2240 quoniam

554 2273 685 2314 non
711 2249 880 2333 luidet
906 2248 1106 2323 illum,
1165 2272 1271 2313 nec
1308 2251 1611 2338 cognoscit
1649 2247 1853 2325 illum,
1905 2274 2026 2314 vos
2065 2264 2260 2315 autem
2296 2253 2655 2338 cognoscitis

555 2344 766 2426 illum,
819 2353 962 2443 quia
986 2349 1158 2443 apud
1179 2373 1296 2416 vos
1325 2362 1555 2424 manet,
1609 2362 1665 2414 et
1692 2351 1961 2417 invehis
1984 2354 2123 2425 erit,
2167 2374 2287 2415 non
2318 2348 2649 2443 relinquam

551 2475 679 2516 vos
704 2451 1011 2543 orphanos
1029 2499 1044 2527 ,
1093 2454 1270 2515 venio
1298 2451 1386 2515 ad
1406 2474 1555 2526 vos,
1591 2464 1647 2514 et
1674 2474 1794 2514 vos
1822 2449 2107 2516 videbitis
2131 2452 2274 2526 Me,
2305 2451 2341 2514 J
2351 2449 2445 2513 oh.
2477 2450 2651 2517 XIV:

561 2554 591 2614 1
610 2557 662 2615 6.
692 2556 787 2614 17.
811 2546 940 2650 [18.
966 2545 1089 2642 19.]
1146 2550 1408 2634 Quando
1436 2554 1667 2615 venerit
1678 2548 2055 2626 Paracletus,
2085 2573 2258 2642 quem
2275 2550 2414 2638 Ego
2441 2554 2656 2613 missu·

554 2676 664 2717 rus
694 2678 824 2716 sum
851 2653 1031 2718 vobis
1055 2676 1095 2715 a
1125 2652 1344 2726 Patre,
1389 2651 1680 2716 Smin-rus
1710 2670 2057 2725 venri-Arm,
2095 2648 2218 2714 Ille
2242 2647 2556 2714 testabitur
2578 2649 2655 2715 de

555 2752 702 2827 Me,
750 2752 887 2816 Joh.
920 2752 1063 2816 XV:
1107 2756 1221 2815 26:
1280 2760 1526 2815 vocatur
1565 2750 1671 2813 Ille
1699 2751 1946 2837 Spiritus
1975 2750 2258 2826 Sanctus,
2308 2747 2446 2813 Joh.
2479 2749 2652 2814 XIV:

555 2856 665 2915 26.
748 2853 920 2933 Quod
951 2852 1243 2917 Dominus
1281 2874 1384 2938 per
1411 2852 1783 2916 Paracletum
1824 2872 1926 2915 seu
1954 2850 2231 2939 Spiritum
2260 2848 2540 2913 Sanctum
2568 2850 2657 2912 in·

553 2951 851 3016 tellexerit
876 2953 952 3016 Se
989 2952 1212 3037 ipsum,
1264 2961 1422 3038 patet
1466 2952 1541 3014 ab
1581 2950 1692 3014 illis
1722 2950 1959 3015 Domini
1999 2950 2223 3024 verbis,
2277 2949 2437 3035 quod
2477 2951 2655 3014 Mun·

553 3052 667 3117 dus
695 3051 856 3115 illum
886 3050 1076 3116 adhuc
1106 3073 1222 3115 non
1256 3062 1657 3137 cognosceret,
1701 3075 1818 3115 vos
1844 3066 2038 3115 autem
2066 3052 2420 3140 cognoscitis
2450 3048 2650 3123 illum;

554 3174 680 3216 non
733 3154 1058 3238 relinquam
1114 3176 1221 3218 vos
1269 3152 1598 3239 orphanoS,
1658 3154 1835 3216 venio
1880 3150 1967 3216 ad
2005 3173 2154 3226 vos,
2207 3173 2326 3214 vos
2368 3148 2654 3215 videbitis

555 3253 671 3317 Me
688 3282 708 3316 .·
761 3264 819 3316 et
849 3253 1017 3327 alibi,
1069 3253 1228 3317 Ecce
1254 3253 1393 3342 Ego
1417 3251 1730 3317 vobiscum
1758 3276 1892 3316 sum
1932 3250 2207 3316 omnibus
2233 3247 2445 3314 diebus
2470 3272 2657 3341 usque

557 3351 652 3417 ad
699 3356 1265 3419 consummationem
1318 3350 1572 3426 saeculi,
1645 3349 1859 3417 Matth.
1904 3350 2200 3416 XXVIII:
2252 3354 2352 3414 20.
2409 3359 2531 3412 tum
2584 3371 2655 3414 ex

555 3451 701 3528 illis,
756 3475 873 3516 non
903 3454 1180 3539 loquetur
1206 3474 1276 3516 ex
1304 3453 1506 3540 Seipso
1528 3501 1544 3528 ,
1582 3453 1683 3516 sed
1714 3451 1870 3537 quod
1903 3474 1971 3515 ex
2001 3452 2139 3514 Meo
2180 3460 2524 3537 accepturus
2562 3448 2652 3520 sit.

717 3558 862 3618 140.
920 3554 1098 3617 Nunc
1137 3553 1272 3638 quia
1316 3574 1419 3637 per
1443 3552 1723 3638 Spiritum
1751 3552 2032 3615 Sanctum
2069 3551 2413 3636 intelligitur
2440 3549 2655 3613 Divina

554 3653 819 3729 Veritas,
871 3664 931 3718 et
966 3652 1115 3717 haec
1140 3651 1248 3715 fuit
1274 3654 1653 3728 inDomino,
1703 3661 1765 3715 et
1795 3651 1925 3738 Ipse
1956 3651 2278 3748 Dominus,
2314 3649 2450 3712 Joh.
2481 3648 2654 3715 XIV:

561 3759 597 3816 6
619 3801 637 3830 ,
688 3755 856 3819 etsie
885 3754 1018 3841 quia
1051 3774 1166 3816 nou
1200 3752 1389 3839 potuit
1427 3753 1662 3815 aliunde
1693 3751 2043 3839 procedere,
2098 3750 2231 3825 ideo
2261 3749 2432 3823 dixit,
2478 3748 2658 3815 Non-

555 3852 700 3919 dum
741 3868 870 3919 erat
907 3851 1166 3945 Spiritus
1208 3851 1468 3918 Sanctus
1486 3898 1506 3929 ,-
1557 3856 1705 3944 quia
1737 3852 1932 3936 ‚Jesus
1976 3850 2241 3916 nondum
2276 3847 2442 3938 glori
2486 3863 2657 3913 catus

554 3967 718 4029 erat,
772 3953 912 4018 Joh.
958 3954 1100 4018 VII:
1152 3958 1267 4026 39;
1332 3961 1392 4016 et
1450 3964 1578 4038 post
1633 3951 2198 4027 Glorificationem‚‘
2240 3952 2551 4042 inspiravit
2596 3953 2660 4013 in

554 4051 940 4146 Dismpulos,
995 4069 1050 4119 et
1095 4054 1286 4130 dixit,
1341 4056 1589 4146 accipite
1630 4051 1914 4147 Spiritum
1952 4049 2236 4117 Sanctum
2257 4096 2273 4123 ,
2324 4050 2363 4114 J
2371 4050 2464 4114 oh.
2512 4049 2658 4112 XX:

556 4158 660 4217 22.
727 4153 904 4233 Quod
934 4154 1221 4219 Dominus
1247 4153 1595 4240 aspiraverit
1623 4154 1964 4241 discipulos,
2017 4161 2076 4215 et
2103 4150 2243 4215 illud
2276 4148 2519 4226 dixerit,'
2546 4147 2659 4212 suit

561 4273 768 4331 causa,
827 4255 960 4343 quia
1001 4254 1278 4343 aspiratio
1323 4263 1451 4318 erat
1477 4256 1710 4341 signum
1753 4251 2320 4342 repraesentativum
2349 4257 2659 4313 externum
2703 4275 2706 4278 ·
