3309 4775
1089 314 1161 362 sc,
1316 285 1782 355 univss‘nsA
1828 297 2363 349 ‘rm-:ononis
2417 298 2484 352 m.
2529 299 2595 349 c,
2638 298 2743 349 ET
2786 296 2853 348 u.
2894 297 2967 351 E.

1087 454 1414 542 argenteis,
1453 474 1510 515 e.
1541 473 1720 540 super
1747 450 2120 539 quarundam
2150 452 2446 537 capitibus
2472 461 2643 516 erant
2672 452 2889 516 cristae
2915 452 2976 512 iu
3004 450 3187 516 forma

1094 577 1468 621 coronarum.
1551 555 1721 618 Haec
1748 574 1882 616 cum
1925 552 2041 615 vidi
2082 563 2141 615 et
2184 553 2464 627 miratus,
2515 553 2714 617 subito
2754 573 2827 616 ex
2871 553 3064 617 Terra
3110 552 3190 613 in-

1097 658 1348 734 feriore,
1395 656 1496 720 ubi
1538 654 1823 718 tumultus
1862 653 1956 717 ille
1999 663 2163 727 erat,
2214 675 2277 717 se
2323 654 2528 718 extulit
2567 654 2835 741 spiritus,
2891 653 2994 740 qui
3035 676 3098 717 se
3137 655 3190 715 in

1095 757 1387 845 Angelum
1414 756 1564 822 lucis
1591 753 1903 820 efformare
1934 756 2153 841 potuit,
2204 764 2263 819 et
2290 755 2618 829 clamabat,
2668 755 2767 819 ubi
2797 753 2923 829 ille,
2983 756 3085 839 qui
3125 756 3190 816 de

1097 859 1353 933 Ordine,
1408 859 1499 921 cui
1544 857 1707 921 Deus
1748 856 2140 942 Omnipotens
2181 877 2245 921 se
2287 857 2482 943 quoad
2526 855 2823 920 hominem
2866 855 3192 929 adstrinxit,

1095 960 1357 1047 loquitur
1382 968 1440 1023 et
1467 958 1703 1033 scribit,
1733 956 1881 1021 haec
1907 965 2072 1021 trans
2101 965 2316 1020 tectum
2346 957 2497 1023 infra
2526 957 2890 1027 audivimus;
2930 954 3031 1019 ille
3056 958 3192 1019 dum

1094 1084 1268 1150 supra
1299 1060 1549 1125 Terram
1581 1060 1737 1124 illam
1770 1067 1933 1134 erat,
1990 1058 2281 1145 percurrit
2321 1059 2476 1122 viam
2520 1075 2796 1123 mmm-1,
2856 1071 2905 1119 vt
2961 1059 3189 1119 tandem

1095 1164 1170 1227 ad
1201 1184 1292 1226 me
1324 1161 1514 1237 venit,
1553 1170 1609 1225 et
1638 1159 1835 1223 statim
1864 1156 2028 1223 linxit
2052 1181 2113 1223 se
2141 1156 2432 1245 Angelum
2460 1160 2636 1231 cmv,
2688 1171 2740 1223 et
2776 1163 3021 1243 loquens
3057 1171 3189 1219 tow]

1095 1286 1216 1327 non
1255 1263 1494 1351 proprio
1534 1261 1708 1330 dixit;
1760 1284 1821 1324 es
1863 1270 1959 1335 tu,
2017 1260 2115 1347 qui
2158 1260 2230 1322 de
2274 1260 2500 1326 Ordine
2551 1267 2768 1335 1·=1;„=³t:s÷·
2812 1273 2865 1323 et
2917 1259 3193 1343 loqu-niu,

1096 1364 1191 1427 dic
1220 1362 1358 1426 mihi
1387 1363 1444 1424 in
1471 1384 1697 1426 summa
1727 1361 1864 1445 quid
1893 1361 2070 1437 ordo,
2124 1370 2180 1424 et
2219 1361 2414 1447 aliqua
2460 1389 2608 1450 quar,—
2652 1367 2869 1423 malinis
2917 1371 3085 1423 mut.-
3145 1371 3197 1419 *t

1095 1463 1404 1552 respondi,
1456 1463 1644 1526 dicam
1706 1462 1808 1526 llbl
1861 1464 2211 1536 summaria,
2262 1464 2363 1527 sed
2424 1487 2540 1527 non
2596 1468 3005 1548 partit-utana,
3065 1468 3197 1544 :jum

1099 1565 1248 1629 haec
1279 1587 1394 1628 non
1425 1565 1610 1651 capis,
1653 1572 1707 1625 et
1738 1563 1870 1626 dixi.
1930 1562 1973 1627 Ι.
2018 1562 2192 1643 Quod
2222 1563 2384 1628 Deus
2410 1567 2482 1630 sit
2520 1568 2636 1648 Ιμυ
2672 1572 2812 1624 audo
2913 1567 2981 1624 ll.
3021 1572 3193 1644 Qum!

1098 1667 1418 1731 Hominem
1472 1687 1544 1730 ex
1595 1665 1858 1740 Ordine,
1928 1666 1988 1727 lu
2039 1665 2265 1728 Ordine
2319 1677 2376 1729 el
2431 1669 2483 1727 in
2544 1672 2820 1728 ltiulaww
2885 1668 3197 1728 frenaverit.

1096 1767 1204 1833 Ill.
1254 1767 1430 1848 Quod
1460 1768 1722 1831 Mentem
1765 1767 1888 1850 ejus
1927 1765 2273 1830 rationalem
2316 1780 2600 1831 creat-«2112
2656 1772 2973 1828 ηῑιιςιιῐηῑηιιιτι
3021 1768 3197 1828 [juii-

1094 1891 1228 1934 nem
1272 1871 1448 1933 totius
1485 1869 1693 1932 Mundi
1733 1867 2079 1955 spiritualis.
2127 1877 2186 1930 et
2226 1865 2455 1955 Corpus
2497 1869 2622 1951 ejus
2658 1867 2980 1931 secundum
3016 1866 3202 1929 Ordi-

1094 1992 1228 2035 nem
1285 1970 1460 2033 totius
1515 1970 1722 2033 Mundi
1777 1967 2088 2044 naturalis,
2148 1979 2509 2055 quapropter
2558 1969 2755 2033 Homo
2800 1968 2878 2031 ab
2919 1966 3203 2051 Antiquis

1092 2079 1340 2136 vocatus
1384 2078 1469 2134 est
1513 2070 1969 2134 micro-Uranos
2023 2081 2082 2133 et
2127 2069 2567 2136 Microcosmus.
2672 2069 2774 2136 lv.
2831 2070 3011 2149 Quod
3061 2069 3201 2131 inde

1098 2172 1221 2236 Lex
1261 2170 1480 2235 ordinis
1514 2173 1618 2244 sit,
1677 2179 1739 2233 ut
1781 2168 1961 2233 homo
2006 2191 2076 2233 ex
2119 2190 2226 2234 sno
2271 2172 2700 2237 micro-Urano
2743 2192 2847 2236 seu
2902 2170 3203 2234 Mundulo

1096 2272 1383 2360 spirituali
1411 2282 1678 2335 recturus
1703 2272 1775 2335 sit
1802 2292 1970 2335 suum
2001 2271 2453 2337 Microcosmum
2492 2263 2594 2337 §eu
2623 2270 2975 2337 Mundulum
3022 2281 3204 2335 natu-

1095 2374 1311 2447 ralem;
1363 2374 1510 2439 sicut
1544 2373 1705 2438 Deus
1748 2396 1816 2436 ex
1852 2396 1960 2438 suo
2001 2372 2447 2441 Macro-Urano
2494 2397 2598 2440 seu
2642 2374 2867 2441 Mundo
2906 2371 3205 2462 spirituali

1097 2475 1250 2563 regit
1276 2476 1750 2541 Macrocosmum
1778 2497 1879 2538 seu
1909 2474 2195 2540 Mundum
2227 2476 2555 2541 naturalem
2584 2475 2642 2538 in
2674 2473 2946 2539 omnibus
2991 2486 3050 2538 et
3084 2475 3203 2538 sin·

1094 2578 1244 2665 gulis
1271 2577 1408 2660 ejus.
1489 2578 1558 2641 V.
1610 2576 1783 2657 Quod
1815 2575 1937 2640 Lex
1964 2575 2185 2639 ordinis
2213 2576 2346 2640 inde
2372 2599 2623 2664 sequens
2660 2578 2764 2652 sit,
2818 2576 2979 2662 quod
3018 2599 3204 2664 opor·

1096 2689 1214 2742 teat
1242 2679 1537 2743 hominem
1571 2699 1631 2742 se
1675 2677 2050 2741 introducere
2093 2678 2152 2740 in
2197 2676 2369 2742 fidem
2414 2700 2517 2766 per
2559 2678 2836 2741 veritates
2868 2696 2939 2739 ex
2970 2677 3204 2751 Verbo,

1096 2791 1151 2843 et
1184 2781 1239 2842 in
1271 2779 1618 2843 charitatem
1650 2801 1754 2865 per
1784 2780 1937 2842 bona
1966 2800 2178 2866 opera,
2232 2789 2290 2843 et
2324 2780 2410 2844 sic
2452 2801 2513 2843 se
2555 2778 2880 2843 reformare
2926 2790 2985 2841 et
3024 2799 3203 2864 rege·

1095 2903 1323 2946 nerare.
1401 2880 1504 2948 vl.
1554 2880 1731 2960 Quod
1763 2881 1883 2944 Lex
1913 2880 2134 2945 ordinis
2167 2881 2275 2955 sit,
2327 2880 2482 2966 quod
2523 2878 2701 2944 homo
2740 2889 2971 2944 suamet
3011 2901 3202 2966 opera

1095 2992 1153 3046 et
1184 2984 1449 3069 potentia
1474 3005 1535 3048 se
1564 3005 1594 3044 a
1625 2982 1879 3069 peccatis
1911 2981 2208 3067 purificet,
2257 3003 2329 3046 ac
2361 3003 2480 3046 non
2507 2990 2619 3045 stet
2659 2982 2714 3044 in
2745 2979 2857 3044 fide
2899 2984 3203 3067 impoten-

1094 3084 1247 3160 tiae,
1299 3094 1356 3150 et
1385 3092 1709 3167 exspectet,
1764 3093 1827 3146 ut
1870 3082 2031 3146 Deus
2068 3083 2406 3148 immediate
2435 3083 2559 3168 ejus
2602 3091 2840 3170 peccata
2870 3082 3207 3168 abstergat.

1095 3183 1224 3249 Vll.
1271 3185 1391 3248 Lex
1419 3183 1661 3249 Ordinis
1686 3185 1861 3246 etiam
1891 3191 2009 3256 est,
2065 3191 2129 3245 ut
2160 3183 2359 3248 Homo
2386 3184 2576 3248 Deum
2605 3204 2678 3245 ex
2707 3192 2829 3248 tota
2858 3205 2966 3247 sna
2995 3186 3207 3247 anima

1094 3296 1150 3350 et
1189 3307 1261 3350 ex
1297 3293 1425 3348 toto
1465 3304 1573 3348 suo
1615 3285 1793 3347 corde
1833 3291 2023 3357 amet,
2066 3290 2125 3343 et
2169 3285 2490 3366 proximum
2531 3295 2596 3350 nt
2637 3285 2918 3370 seipsum,
2972 3295 3032 3348 et
3077 3307 3207 3348 non

1094 3397 1359 3452 moretur
1396 3395 1454 3448 et
1484 3395 1807 3472 exspectet,
1866 3392 1929 3445 ut
1964 3393 2213 3468 uterque
2251 3383 2344 3447 ille
2378 3407 2546 3451 amor
2584 3386 2643 3450 in
2692 3394 2946 3450 mentem
2988 3395 3046 3449 et
3096 3408 3210 3450 cor

1094 3490 1252 3573 ejus,
1305 3487 1452 3553 sicut
1482 3489 1648 3574 panis
1676 3507 1708 3547 e
1739 3484 2044 3570 pistorein
2086 3507 2181 3559 os,
2238 3506 2271 3547 a
2314 3486 2443 3551 Deo
2487 3487 2825 3550 immediate
2867 3486 3209 3551 inferatur:

1095 3596 1331 3674 praeter
1355 3587 1566 3651 similia
1597 3587 1782 3674 plura.
1866 3583 1976 3648 His
2007 3584 2217 3649 auditis
2240 3586 2490 3652 Satanas
2530 3588 2627 3653 ille
2656 3587 2872 3652 blanda
2902 3610 3049 3651 voce
3072 3636 3096 3664 ,
3144 3591 3209 3651 in

1093 3711 1209 3775 qua
1237 3688 1394 3756 intus
1418 3698 1544 3750 erat
1574 3695 1753 3759 astus,
1797 3688 2067 3769 regessit,
2110 3687 2249 3772 quid
2279 3687 2393 3753 hoc
2423 3691 2581 3773 quod
2609 3688 2781 3764 dicis,
2821 3689 2977 3774 quod
3008 3688 3214 3752 homo

1089 3812 1153 3855 se
1182 3810 1252 3852 ex
1281 3808 1385 3854 sua
1418 3786 1681 3874 potentia
1713 3786 2147 3879 introducturus
2184 3791 2256 3852 sit
2295 3791 2353 3852 in
2393 3790 2657 3856 ordinem
2698 3814 2801 3878 per
2836 3791 3030 3854 facere
3063 3791 3214 3854 illas

1090 3892 1218 3977 ejus
1264 3891 1456 3975 leges»,
1504 3909 1721 3954 numne
1753 3889 1862 3954 scis
1888 3889 2043 3973 quod
2074 3887 2254 3954 homo
2297 3913 2418 3955 non
2455 3894 2566 3956 sub
2610 3893 2736 3977 lege
2774 3892 2879 3966 sit,
2932 3891 3034 3956 sed
3082 3893 3210 3955 sub

1091 3986 1317 4080 gratia,
1371 3991 1526 4077 quod
1568 3991 1764 4057 omnia
1802 3991 1981 4078 gratis
2023 3992 2343 4066 donentur,
2398 4000 2456 4056 et
2492 3994 2650 4078 quod
2690 4015 2810 4056 non
2853 3992 3031 4079 possit
3076 3993 3206 4059 sihi

1092 4094 1407 4178 quicquam
1437 4116 1667 4158 sumere
1696 4093 1802 4158 nisi
1832 4093 1884 4156 ei
1914 4092 2115 4156 datum
2143 4093 2216 4156 sit
2246 4112 2277 4152 e
2306 4089 2514 4166 Caelo,
2563 4103 2621 4156 et
2648 4093 2804 4179 quod
2836 4095 2891 4156 in
2920 4091 3212 4179 spiritua·

1093 4191 1248 4256 libus
1288 4214 1403 4257 non
1444 4194 1620 4281 possit
1652 4215 1724 4257 ex
1751 4214 1845 4269 se,
1899 4193 2025 4278 plus
2055 4211 2234 4277 agere
2263 4210 2437 4275 quam
2464 4201 2657 4257 statua
2701 4215 2847 4256 uxor
2877 4194 3045 4266 Loti,
3098 4205 3216 4257 aut
