3309 4775
710 424 742 473 6
946 409 1398 463 UNJVERSA
1445 406 1975 460 THEOLOGIA
2024 408 2091 463 N.
2135 407 2200 459 C.
2241 406 2349 458 ΕΤ
2389 405 2457 458 Ν.
2499 405 2565 461 Ε.

700 565 1054 653 supplicavit
1094 573 1163 630 ut
1190 564 1421 628 videret
1461 562 1708 648 gloriam
1740 561 2046 636 Jehovae,
2088 560 2246 647 quod
2288 581 2465 623 nemo
2505 560 2683 647 possit
2723 559 2813 624 vi-

706 667 847 731 dere
877 665 1069 729 Deum
1110 675 1170 729 et
1196 666 1399 731 vivere
1412 693 1432 738 ,-
1476 663 1664 727 simile
1706 673 1793 727 est
1832 685 1964 726 cum
2003 661 2221 726 intimis
2247 662 2455 735 Verbi,
2504 660 2603 723 ubi
2643 660 2811 725 Deus

705 769 768 831 in
793 789 899 833 suo
928 766 1070 831 Esse
1097 776 1156 830 et
1198 768 1259 829 in
1297 787 1404 828 sua
1446 764 1715 829 Essentia
1753 772 1870 827 est:
1915 763 2016 828 sed
2060 784 2243 849 usque
2285 762 2598 837 Divinum,
2642 762 2805 848 quod

702 868 906 933 intime
935 876 1051 944 est,
1102 889 1173 931 ac
1201 866 1484 953 integitur
1513 886 1616 953 per
1643 865 1814 941 talia,
1858 886 2009 951 quae
2039 864 2482 927 accommodata
2508 871 2643 927 sunt
2673 884 2804 949 per-

707 967 1073 1058 ceptionibus
1099 966 1463 1054 Angelorum
1495 976 1553 1030 et
1592 967 1952 1041 Hominum,
1994 966 2185 1030 elucet
2220 966 2370 1028 sicut
2398 964 2525 1028 Lux
2553 985 2660 1051 per
2683 961 2806 1026 for-

704 1092 832 1135 mas
888 1068 1298 1159 Crystallinas,
1362 1067 1465 1132 sed
1511 1068 1678 1131 varie
1713 1068 2033 1133 secundum
2072 1074 2288 1130 statum
2332 1065 2572 1140 mentis,
2628 1086 2802 1151 quem

705 1172 816 1238 sihi
844 1169 1032 1256 >homo
1060 1192 1094 1235 a
1125 1170 1257 1234 Deo
1299 1168 1394 1232 vel
1434 1191 1467 1232 a
1505 1177 1689 1233 semet
1727 1168 2037 1241 formavit:
2078 1186 2277 1231 coram
2317 1168 2476 1230 omni
2514 1165 2649 1241 illo,
2702 1164 2799 1251 qui

703 1281 919 1338 statum
965 1272 1176 1335 mentis
1202 1292 1345 1336 suae
1384 1270 1663 1334 formavit
1694 1292 1728 1334 a
1763 1270 1926 1342 Deo,
1975 1279 2062 1332 est
2098 1267 2399 1356 Scriptura
2445 1289 2613 1331 sacra
2656 1267 2804 1329 sicut

701 1373 1049 1461 Speculum,
1093 1373 1151 1434 in
1181 1394 1298 1458 quo
1340 1371 1498 1434 videt
1537 1370 1765 1446 Deum,
1811 1373 1910 1435 sed
1952 1370 2195 1456 quisque
2235 1390 2342 1432 suo
2380 1367 2589 1441 modo:
2631 1368 2798 1430 Veri-

703 1482 874 1546 tateS‚
915 1494 1063 1560 quas
1089 1495 1157 1536 ex
1184 1474 1386 1537 Verbo
1415 1471 1610 1546 discit,
1641 1482 1700 1534 et
1732 1493 1835 1558 per
1864 1472 2045 1537 vitam
2073 1470 2390 1535 secundum
2420 1468 2548 1533 illas
2574 1468 2803 1543 imbuit,

706 1574 851 1639 illud
881 1575 1194 1661 Speculum
1225 1581 1614 1660 componunt:
1650 1595 1722 1637 ex
1750 1572 1839 1637 his
1867 1573 2114 1661 primum
2147 1580 2395 1646 constat,
2422 1570 2578 1657 quod
2605 1571 2801 1657 Scrip-

710 1687 844 1740 tura
875 1696 1045 1740 sacra
1072 1676 1146 1740 sit
1176 1671 1475 1763 plenitudo
1497 1674 1630 1737 Dei.
1705 1661 1879 1753 Quod
1906 1672 2002 1736 illa
2032 1696 2151 1737 non
2181 1672 2358 1735 modo
2386 1674 2614 1747 doceat,
2643 1670 2801 1757 quod

703 1776 868 1841 Deus
893 1777 1001 1855 sit,
1039 1776 1140 1842 sed
1172 1777 1347 1840 etiam
1379 1776 1536 1861 quod
1569 1776 1728 1840 Deus
1755 1797 1903 1839 unus
1927 1776 2031 1849 sit,
2066 1782 2337 1838 constare
2369 1782 2558 1861 potest
2585 1794 2657 1852 ex
2686 1773 2802 1838 Ve-

708 1878 1015 1955 ritatibus‚
1071 1899 1261 1964 quae,
1318 1887 1381 1940 ut
1423 1876 1640 1939 dictum
1686 1887 1806 1950 est,
1860 1877 2172 1963 Speculum
2213 1872 2354 1938 illud
2406 1873 2799 1947 conformant,

707 1978 867 2064 quod
896 1980 956 2042 in
983 2002 1103 2042 uno
1134 2000 1284 2042 nexu
1316 1976 1705 2052 cohaereant,
1744 1986 1803 2041 et
1829 1976 2082 2054 faciant,
2120 1975 2278 2063 quod
2304 1973 2483 2039 homo
2515 1997 2636 2039 non
2668 1998 2802 2061 pos·

708 2080 786 2144 sit
827 2080 1089 2164 cogitare
1134 2080 1206 2142 de
1248 2080 1378 2144 Deo
1417 2078 1526 2142 nisi
1574 2101 1788 2151 unum;
1838 2078 1976 2143 inde
2017 2087 2136 2153 est,
2189 2077 2345 2161 quod
2387 2077 2805 2163 unusquisque,

709 2180 875 2264 cujus
903 2181 1056 2245 ratio
1084 2180 1280 2266 aliqua
1311 2181 1623 2245 sanctitate
1651 2200 1722 2242 ex
1752 2180 1951 2246 Verbo
1978 2179 2203 2243 imbuta
2234 2187 2352 2251 est,
2384 2178 2530 2242 sciat
2557 2179 2704 2241 sicut
2731 2199 2805 2240 ex
2894 2230 2899 2236 .

706 2302 789 2355 se,
821 2283 977 2366 quod
1006 2281 1170 2346 Deus
1195 2303 1348 2346 unus
1375 2283 1468 2358 sit,
1512 2292 1571 2345 et
1599 2281 1881 2369 percipiat
1906 2281 2052 2344 sicut
2080 2280 2366 2346 insaniam
2394 2279 2608 2365 dicere,
2643 2280 2802 2365 quod

705 2382 902 2471 plures
944 2383 1093 2457 sint;
1166 2382 1361 2469 angeli
1414 2406 1531 2447 non
1579 2393 1818 2469 possunt
1870 2383 2099 2470 aperire
2144 2402 2210 2445 os
2252 2381 2327 2444 ad
2375 2380 2802 2444 enuntiandum

707 2483 870 2560 deoS,
909 2506 1054 2549 aura
1085 2485 1237 2549 enim
1272 2485 1570 2560 caelestis,
1610 2486 1669 2546 in
1700 2505 1814 2569 qua
1843 2484 2089 2558 vivunt,
2129 2482 2557 2546 contranititur.
2624 2482 2803 2562 Quod

705 2585 871 2650 Deus
900 2608 1052 2651 unus
1077 2585 1184 2659 sit,
1232 2585 1534 2674 Scriptura
1577 2606 1744 2649 sacra
1773 2607 1892 2647 non
1921 2584 2098 2648 modo
2127 2582 2538 2647 universaliter
2578 2581 2657 2645 ita
2677 2628 2694 2657 ,
2737 2592 2805 2646 ut

702 2686 921 2751 dictum
952 2697 1071 2763 est,
1112 2687 1313 2763 docet,
1353 2686 1458 2751 sed
1498 2687 1672 2752 etiam
1714 2686 2146 2770 particulariter
2184 2684 2379 2748 multis
2419 2684 2475 2746 in
2519 2683 2690 2758 locis,
2737 2694 2802 2747 ut

703 2788 759 2849 in
788 2787 904 2864 his,
969 2786 1194 2864 „Audi
1230 2786 1466 2863 Israe‘l,
1523 2784 1800 2853 Jehovah
1844 2786 2014 2851 Deus
2058 2800 2288 2859 noster,
2328 2783 2602 2851 Jehovah
2642 2811 2805 2849 unus

709 2903 826 2963 est,
868 2890 1069 2954 Deutr.
1101 2890 1215 2954 Vl:
1257 2895 1316 2953 4.
1352 2890 1575 2975 pariter
1604 2891 1789 2954 Marc.
1822 2887 1974 2952 Xll:
2021 2892 2118 2950 29.
2180 2886 2622 2951 Tantummodo
2649 2891 2806 2950 iuter

706 3002 761 3052 te
806 2988 1007 3067 Deus,
1059 3005 1115 3056 et
1148 3005 1390 3081 praeter
1426 2991 1537 3056 Me
1576 3014 1696 3055 non
1734 3003 1823 3053 est
1861 2989 2060 3063 Deus,
2122 2988 2275 3072 Esaj.
2320 2987 2511 3052 XLV:
2557 2991 2655 3050 14.
2695 2982 2798 3051 15.

705 3090 933 3157 Nonne
957 3092 1097 3181 Ego
1125 3090 1432 3166 Jekovalz,
1473 3106 1530 3155 et
1560 3116 1682 3156 non
1710 3087 1975 3181 amplius
2004 3089 2171 3155 Deus
2190 3102 2433 3181 praeter
2456 3089 2592 3164 Me,
2640 3090 2797 3174 Esaj.

705 3190 900 3255 XLV:
948 3196 1048 3254 20.
1083 3195 1188 3255 21,
1243 3193 1380 3281 Ego
1407 3190 1683 3257 Jehovalz
1721 3191 1889 3254 Deus
1915 3204 2083 3265 tuus,
2129 3204 2186 3255 et
2211 3190 2402 3257 Deum
2423 3180 2663 3280 praeter
2688 3191 2802 3256 Me

707 3317 827 3356 non
867 3315 1192 3382 agnosces,
1245 3292 1464 3356 Hosch.
1510 3290 1689 3356 XIII:
1738 3294 1792 3353 4.
1864 3289 1964 3354 Sic
2002 3294 2161 3356 dixit
2203 3288 2478 3357 Jehovale
2517 3290 2660 3355 Rex
2696 3292 2797 3355 Is·

703 3391 920 3467 ναέῖιζς,
992 3393 1128 3482 Ego
1173 3393 1420 3457 Primus
1454 3407 1509 3457 et
1559 3391 1858 3465 UltImus,
1913 3405 1968 3454 et
2003 3407 2244 3483 praeter
2283 3392 2393 3457 Me
2439 3416 2561 3455 non
2604 3391 2794 3467 Deus,

704 3492 858 3580 Esaj.
899 3493 1126 3560 XLIV:
1175 3501 1230 3556 6.
1299 3495 1376 3557 [η
1417 3493 1516 3558 die
1555 3490 1665 3556 illo
1693 3496 1804 3557 erit
1829 3490 2102 3557 Jehovalz
2144 3499 2207 3558 in
2233 3493 2451 3582 Regem
2492 3516 2675 3585 super
2707 3508 2797 3557 to-

704 3608 824 3659 tam
860 3596 1132 3669 Terram,
1175 3598 1238 3658 in
1279 3594 1377 3659 die
1406 3592 1514 3663 illo
1553 3598 1663 3657 erit
1692 3591 1965 3659 Jelzovah
1993 3620 2144 3659 unus
2165 3644 2181 3672 ,
2233 3609 2290 3659 et
2313 3594 2555 3659 Nomen
2585 3596 2790 3687 Ipsius

703 3706 955 3772 unum,“
1005 3695 1176 3759 Sach.
1207 3694 1380 3759 XIV:
1429 3701 1484 3757 9.

857 3801 913 3860 Ἷ.
984 3796 1162 3875 Quod
1206 3797 1510 3860 doctrinae
1547 3795 1941 3860 Ecclesiarum
1993 3797 2048 3858 in
2099 3795 2433 3861 Christiano
2480 3795 2644 3858 Orbe
2690 3795 2796 3858 do-

701 3907 903 3973 ceant,
945 3896 1103 3984 quod
1131 3897 1295 3961 Deus
1325 3919 1473 3962 unus
1495 3897 1599 3972 sit,
1646 3906 1850 3960 notum
1880 3907 1994 3969 est:
2042 3899 2285 3973 docent,
2330 3898 2467 3983 quia
2496 3917 2566 3959 ex
2591 3895 2791 3959 Verbo

697 4009 836 4063 sunt
864 4019 1067 4063 omnes
1093 3997 1395 4063 doctrinae
1422 3998 1688 4074 illarum,
1719 4019 1871 4084 quae
1900 3997 2249 4074 cohaerent,
2292 4006 2577 4086 quantum
2607 4017 2789 4060 unum

696 4099 895 4163 Deum
924 4121 1042 4165 non
1069 4100 1259 4164 solum
1286 4121 1422 4177 ore,
1466 4097 1569 4163 sed
1597 4099 1774 4162 etiam
1804 4097 1982 4162 corde
2020 4108 2383 4186 agnoscunt:
2429 4098 2511 4161 illi
2553 4096 2655 4184 qui
2698 4119 2795 4160 so·-

694 4200 819 4265 lum
848 4223 951 4266 ore
978 4222 1161 4265 unum
1188 4201 1412 4277 Deum,
1451 4209 1510 4265 et
1536 4209 1657 4265 tres
1684 4199 1862 4264 corde
1891 4198 2268 4274 confitentur,
2297 4209 2360 4263 ut
2387 4198 2452 4262 fit
2479 4195 2634 4283 apud
2667 4196 2795 4285 plu-

700 4323 794 4368 res
819 4299 995 4368 hodie
1022 4302 1081 4366 in
1109 4300 1586 4378 Christianismo,
1626 4299 1737 4367 illis
1762 4322 1881 4366 non
1910 4302 2066 4366 aliud
2089 4309 2181 4368 est
2206 4300 2398 4376 Deus,
2442 4319 2616 4386 quam
2645 4297 2794 4362 dun-
