3309 4775
679 357 781 407 178
903 347 1351 403 UNIVERSA
1415 347 1949 401 THEOLOGIA
2003 349 2067 399 N.
2111 347 2174 400 C.
2215 348 2323 400 ET
2366 351 2436 407 N.
2478 350 2545 405 E.

672 502 993 571 ExmA‘rlo
1043 499 1335 587 significat
1390 501 1751 565 amotionem
1808 510 2218 589 peccatorum,
2270 506 2329 564 in
2384 523 2539 588 quae
2595 502 2775 568 homo
2847 544 2852 547 -

668 609 904 678 rueret,
954 601 1001 665 si
1031 602 1249 665 nudum
1275 600 1568 665 Jehovam
1601 600 1809 666 adiret.
1889 600 2308 669 Panum-rio
2336 603 2631 687 siguificat
2662 604 2775 668 cle·

669 702 924 767 montiae
951 712 1008 766 et
1034 703 1261 789 gratiae
1291 702 1729 786 operationem,
1786 722 1859 764 ne
1886 700 2064 765 homo
2094 722 2198 789 per
2226 713 2466 789 peccata
2509 706 2566 766 in
2609 705 2773 767 dam·

670 803 970 875 nationem
1002 823 1063 866 se
1092 801 1339 876 inferat,
1389 801 1655 866 similiter
1683 800 1964 877 tutelam,
2016 823 2092 865 ne
2117 804 2489 866 sanctitatem
2522 803 2775 892 propha-

669 913 789 979 net,
829 900 942 966 hoc
967 902 1334 988 significabat
1356 903 1835 988 Propitiatorium
1864 923 2041 989 super
2068 903 2223 965 Arca
2255 903 2314 965 in
2333 905 2769 969 Tabernaculo.

672 1003 899 1071 Notum
928 1011 1033 1079 est,
1064 1003 1223 1090 quod
1252 1002 1412 1067 Deus
1437 1003 1498 1065 iu
1519 1003 1719 1067 Verbo
1746 1023 1849 1087 per
1877 1002 2254 1091 apparentias
2284 1003 2565 1088 loquutus
2592 1007 2686 1080 sit,
2714 1015 2776 1068 ut

672 1102 829 1191 quod
870 1104 1180 1178 irascatur,
1219 1103 1497 1177 vindicet,
1546 1111 1751 1179 tentet,
1795 1104 2019 1190 puniat,
2060 1103 2332 1187 conjiciat
2358 1106 2418 1167 in
2457 1105 2773 1181 infernum,

673 1204 944 1280 damnet,
980 1204 1100 1268 imo
1130 1204 1286 1290 quod
1318 1204 1536 1267 malum
1565 1202 1774 1279 faciat,
1821 1224 1955 1266 cum
1997 1211 2193 1268 tamen
2235 1205 2454 1267 nemini
2483 1205 2774 1280 irascitur,
2839 1268 2852 1279 ,

678 1325 798 1369 non
830 1303 1112 1381 vindicat,
1153 1313 1358 1379 tentat,
1389 1305 1574 1389 punit,
1601 1303 1837 1389 conjicit
1867 1303 1925 1367 in
1956 1302 2283 1378 infernum,
2319 1305 2591 1379 damnat,
2630 1303 2777 1368 baec

673 1414 795 1468 tam
838 1406 1015 1489 longe
1057 1405 1271 1468 absunt
1301 1424 1333 1466 a
1364 1404 1525 1480 Deo,
1576 1404 1726 1468 sicut
1768 1402 2076 1468 infernum
2115 1424 2147 1467 a
2192 1404 2406 1479 Caelo,
2464 1414 2521 1467 et
2551 1403 2774 1468 infinite

676 1504 822 1592 pluS,
857 1524 1042 1589 quare
1075 1514 1211 1569 sunt
1237 1506 1613 1589 loquutiones
1641 1505 2044 1593 apparentiam
2084 1504 2460 1589 loquutiones
2488 1525 2777 1594 appareu—

672 1605 790 1669 tiae
819 1604 878 1667 in
906 1604 1022 1668 alio
1051 1626 1222 1669 sensu
1251 1606 1427 1667 etiam
1465 1615 1602 1668 sunt
1632 1606 1939 1693 Expiatio,
1991 1605 2376 1689 propitiatio,
2428 1605 2777 1670 intercessio

671 1716 731 1768 et
763 1704 1082 1779 Mediatio,
1137 1727 1241 1787 per
1279 1726 1425 1791 quas
1461 1705 1873 1789 intelliguntur
1905 1705 2370 1794 praedicationes
2402 1727 2674 1770 accessus
2699 1707 2776 1769 ad

672 1806 897 1880 Deum,
951 1815 1008 1868 et
1036 1807 1263 1890 gratiae
1290 1828 1322 1869 a
1356 1806 1519 1882 Deo,
1556 1823 1661 1892 per
1690 1807 2036 1869 Humanum
2064 1828 2263 1869 suum:
2308 1826 2460 1891 quae
2488 1806 2626 1892 quia
2658 1827 2776 1868 non

674 1906 1007 1970 intellectae
1035 1915 1201 1980 sunt,
1253 1905 1578 1970 diviserunt
1609 1908 1801 1971 Deum
1830 1907 1887 1968 in
1914 1906 2096 1980 TreS,
2149 1915 2205 1968 et
2234 1927 2411 1991 super
2437 1907 2660 1970 Tribus
2689 1905 2777 1971 his

673 2027 907 2069 omnem
940 2006 1268 2070 doctrinam
1298 2005 1592 2071 Ecclesiae
1632 2006 2055 2081 fundaverunt,
2091 2015 2148 2068 et
2174 2006 2257 2071 sic
2283 2006 2547 2071 Verbum
2577 2005 2777 2071 falsifi-

675 2114 919 2176 carunt;
972 2105 1108 2167 inde
1151 2117 1238 2170 est
1279 2125 1681 2171 Anomma‘rlo
1719 2126 2198 2180 nnsoLArroNJS,
2252 2128 2283 2169 a
2320 2106 2578 2172 Domino
2621 2106 2780 2192 apud

675 2204 1016 2280 Danielem,
1069 2216 1126 2267 et
1170 2228 1346 2291 porro
1393 2206 1547 2293 apud
1591 2207 1960 2271 Matthaeum
2002 2205 2142 2294 Cap.
2177 2206 2409 2271 XXIV:
2454 2206 2778 2293 praedicta.

677 2304 789 2370 His
816 2304 983 2368 dictis
1013 2307 1246 2371 recessit
1275 2303 1505 2371 Cohors
1544 2306 1855 2395 spirituum
1901 2328 1935 2372 a
1979 2306 2196 2369 circum
2242 2328 2365 2381 me,
2420 2317 2476 2369 et
2515 2307 2783 2370 animad-

675 2406 861 2482 verti,
918 2406 1075 2493 quod
1102 2407 1183 2471 illi
1213 2408 1312 2496 qui
1340 2406 1651 2472 actualiter
1681 2409 2023 2495 cogitabant
2051 2417 2171 2472 tres
2200 2409 2389 2483 DeoS,
2442 2417 2779 2494 spectarent

554 2538 565 2547 ·
678 2526 884 2570 versus
912 2506 1251 2584 Infernum,
1301 2518 1360 2570 et
1388 2509 1487 2594 qui
1517 2530 1697 2572 unum
1731 2509 1956 2584 Deum,
2011 2507 2070 2573 in
2110 2531 2227 2592 quo
2253 2508 2470 2574 Divina
2498 2508 2780 2583 TrinitaS‚

677 2616 736 2670 et
783 2607 940 2692 quod
986 2605 1135 2671 haec
1181 2610 1254 2673 sit
1294 2610 1350 2671 in
1397 2608 1658 2673 Domino
1700 2610 1834 2673 Deo
1875 2608 2219 2684 Salvatore,
2273 2629 2477 2673 versus
2516 2606 2779 2684 Caelum,

670 2717 732 2770 et
787 2706 878 2770 bis
923 2706 1027 2773 Sol
1081 2708 1274 2785 Caeli,
1341 2710 1400 2771 in
1439 2731 1559 2795 quo
1599 2708 1878 2777 Jehovah
1921 2712 1980 2773 in
2023 2731 2130 2774 suo
2180 2709 2461 2773 Humano
2507 2717 2629 2782 est,
2677 2730 2784 2793 ap·

673 2808 884 2893 paruit.

830 2912 974 2973 136.
1031 2911 1334 2976 ΤΕιιΤιυΜ
1372 2911 1822 2975 MEMORABILE.
1904 2909 2040 2975 Vidi
2085 2930 2115 2972 e
2157 2909 2480 2995 longinquo
2516 2909 2782 2995 quinque

672 3006 997 3097 Gymnasia
1016 3058 1031 3086 ,
1070 3009 1167 3073 lux
1196 3031 1227 3073 e
1257 3010 1437 3074 Caelo
1466 3009 1844 3074 circumfudit
1873 3010 2337 3096 unumquodvis,
2386 3008 2785 3099 Gymnasium

673 3108 927 3193 primum
970 3110 1343 3175 circumfudit
1383 3111 1480 3174 lux
1511 3131 1834 3198 purpurea,
1890 3110 2080 3198 qualis
2119 3119 2207 3174 est
2245 3110 2302 3172 in
2346 3109 2602 3174 nubibus
2639 3117 2786 3172 ante

671 3206 810 3270 solis
838 3217 1032 3270 ortum
1064 3220 1328 3297 tempore
1358 3212 1647 3274 matutino
1676 3210 1736 3273 in
1764 3211 1969 3283 terris;
2019 3209 2357 3275 Secundum
2386 3208 2787 3298 Gymnasium

673 3306 1044 3369 circumfudit
1073 3308 1169 3372 lux
1196 3309 1548 3386 flavescens,
1605 3311 1794 3397 qualis
1821 3320 1908 3374 est
1936 3331 2187 3374 aurorae
2216 3318 2344 3395 post
2382 3310 2520 3376 solis
2546 3319 2783 3373 ortum:

669 3406 939 3470 Tertium
984 3404 1371 3496 Gymnasium
1419 3409 1794 3476 circumfudit
1841 3412 1937 3473 lux
1982 3410 2263 3486 candida,
2339 3409 2527 3495 qualis
2578 3418 2668 3473 est
2721 3410 2783 3471 in

672 3506 901 3573 Mundo
949 3516 1210 3594 tempore
1259 3512 1550 3576 meridiei:
1625 3510 1919 3589 Quartum
1965 3509 2354 3599 Gymnasium
2399 3509 2783 3574 circumfudit

669 3609 767 3671 lux
811 3607 1034 3683 media,
1085 3612 1276 3694 qualis
1314 3621 1403 3676 est
1444 3634 1574 3675 cum
1604 3611 1807 3697 incipit
1839 3610 2153 3676 immisceri
2184 3610 2429 3674 umbrae
2461 3630 2783 3698 vesperae:

665 3717 726 3772 et
756 3706 1043 3786 Quintum
1071 3708 1461 3798 Gymnasium
1490 3713 1548 3774 in
1592 3712 1713 3798 ipsa
1748 3712 1961 3776 umbra
2004 3731 2285 3798 vesperae
2326 3711 2503 3774 stetit.
2585 3709 2790 3798 Gym-

663 3809 825 3875 nasia
854 3809 913 3871 in
941 3810 1172 3875 Mundo
1198 3810 1505 3898 spirituum
1533 3820 1668 3877 sunt
1698 3812 1945 3886 Curiae,
2000 3812 2099 3876 ubi
2131 3811 2492 3876 conveniunt
2520 3808 2789 3885 Eruditi,

664 3918 723 3974 et
763 3908 1053 3976 ventilant
1092 3910 1256 3974 varia
1298 3932 1548 3987 arcana,
1602 3933 1757 3998 quae
1799 3911 2033 3976 illorum
2077 3911 2390 3986 scientiae,
2441 3909 2790 3995 intelligen-

660 4011 778 4076 tiae
819 4021 875 4073 et
904 4010 1224 4096 sapientiae
1255 4011 1596 4076 inserviunt.
1682 4012 1805 4075 Illis
1847 4011 1981 4076 visis
2025 4012 2243 4075 invasit
2286 4033 2377 4073 me
2423 4003 2792 4075 desiderium

667 4109 923 4173 abeundi
963 4111 1035 4173 ad
1079 4131 1263 4173 unum
1305 4131 1378 4172 ex
1418 4110 1561 4185 iltis,
1615 4119 1673 4174 et
1718 4111 1876 4175 abivi
1922 4113 1983 4175 in
2022 4112 2227 4199 spiritu
2270 4112 2343 4174 ad
2386 4111 2561 4185 illud,
2614 4110 2793 4196 quod

673 4207 801 4272 luce
830 4209 1017 4272 media
1051 4208 1471 4272 circumfusum
1502 4220 1666 4285 erat,
1723 4232 1791 4274 ac
1834 4210 2084 4286 intravi,
2136 4221 2195 4275 et
2240 4211 2395 4277 visus
2435 4220 2518 4276 est
2562 4209 2800 4275 Caetus
