3309 4775
845 426 918 478 11.
980 424 1857 479 oomluusuuofflwrou.
1918 455 1980 467 -
2043 424 2609 481 conoLLARwM.
2695 396 2844 485 πεδ’

696 581 1016 644 adventum
1047 600 1217 641 suum
1245 579 1304 641 in
1333 579 1624 643 Mundum
1644 623 1661 651 ‚
1716 577 1951 662 quidem
1982 599 2259 664 praesens
2294 578 2412 641 fuit·
2432 578 2585 667 apud
2613 577 2805 643 bomi-

694 702 798 745 nes
844 679 1185 755 Ecclesiae,
1238 679 1339 741 sed
1387 678 1640 741 mediate
1688 699 1792 764 per
1834 675 2095 763 Angelos
2134 679 2231 764 qui
2282 680 2805 764 repraesentabant

693 780 927 866 Ipsum,
981 790 1041 844 at
1069 790 1198 866 post
1227 780 1548 842 adventum
1576 800 1743 841 suum
1778 799 2057 861 praesens
2085 790 2168 842 est
2201 779 2356 864 apud
2397 776 2662 846 homines
2689 781 2801 844 Ec·

693 881 906 945 clesiae
961 880 1332 955 immediate,
1385 900 1520 942 nam
1576 879 1635 941 in
1690 879 1916 945 Mundo
1972 880 2162 942 induit
2217 901 2454 966 quoque
2500 880 2802 946 Dlvmum

692 981 1080 1057 NATunALE‚
1134 981 1194 1045 iu
1240 1002 1358 1067 quo
1407 980 1560 1066 apud
1610 977 1878 1044 homines
1924 1001 2201 1067 praesens
2242 991 2363 1043 est:
2432 980 2801 1046 Glorificatio

695 1082 933 1146 Domini
964 1090 1049 1146 est
1081 1080 1431 1168 glorificatio
1463 1081 1728 1144 Humani
1759 1078 1977 1166 Ipsius,
2033 1083 2191 1166 quod
2223 1082 2492 1145 assumsit
2527 1083 2585 1145 in
2625 1083 2803 1146 Mun-

693 1183 803 1258 do,
857 1204 928 1245 ac
958 1183 1300 1246 Humanum
1332 1181 1569 1245 Domini
1612 1178 2006 1266 glorificatum
2050 1191 2132 1245 est
2169 1183 2471 1245 nmmum
2501 1181 2803 1247 NATURA-

694 1304 797 1347 ιιι-κ
853 1282 1029 1362 Quod
1059 1285 1136 1346 ita
1167 1285 1273 1358 sit,
1328 1282 1571 1346 evidens
1595 1291 1682 1345 est
1714 1303 1785 1345 ex
1814 1303 1921 1355 eo,
1975 1284 2133 1366 quod
2164 1283 2454 1347 Dominus
2499 1304 2632 1345 cum
2679 1293 2805 1347 toto

696 1405 804 1447 suo
834 1384 1131 1472 Corpore,
1177 1385 1335 1470 quod
1365 1383 1421 1445 in
1453 1383 1681 1448 Mundo
1712 1382 1948 1457 habuit,
1995 1404 2026 1444 e
2055 1381 2368 1468 sepulchro
2400 1384 2803 1457 resurrexerit,

700 1505 807 1548 nec
855 1486 1170 1571 quicquam
1215 1486 1273 1547 in
1319 1483 1420 1546 illo
1465 1483 1802 1567 reliquerit,
1860 1482 2103 1568 proinde
2145 1486 2303 1569 quod
2344 1486 2531 1570 ipsum
2577 1485 2807 1548 Huma-

696 1606 839 1648 num
870 1584 1161 1649 Naturale
1190 1608 1221 1648 a
1255 1584 1456 1671 primis
1483 1583 1556 1646 ad
1590 1584 1795 1646 ultima
1827 1584 1949 1668 ejus
1978 1584 2113 1646 inde
2147 1607 2345 1648 secum
2377 1585 2608 1647 tulerit:
2663 1605 2810 1669 qua-

695 1694 940 1771 propter
969 1686 1108 1756 dixit
1141 1684 1459 1770 Discipulis
1502 1694 1632 1768 post
1673 1686 2164 1747 resurrectionem
2210 1685 2585 1749 credentibus
2611 1684 2812 1750 videre

695 1784 977 1871 Spiritum
1002 1834 1016 1860 ‚
1090 1788 1163 1855 V
1164 1787 1318 1851 idere
1355 1786 1592 1850 Manus
1637 1807 1800 1849 meas
1843 1798 1899 1849 et
1943 1784 2145 1850 Pedes
2193 1810 2383 1861 meos,
2444 1783 2613 1877 quod
2661 1785 2809 1877 Ipse

697 1886 838 1975 Ego
863 1889 1009 1960 sim,
1055 1886 1311 1980 palpate
1340 1887 1449 1951 Me
1475 1900 1530 1950 et
1554 1885 1788 1959 videte,
1832 1908 1969 1949 nam
1998 1883 2253 1978 Spiritus
2284 1910 2523 1950 carnem
2567 1900 2623 1950 et
2664 1908 2810 1949 ossa

699 2011 822 2052 non
875 1984 1084 2063 hahet,
1139 1992 1292 2052 sicut
1339 1987 1449 2051 Me
1491 1985 1717 2051 videtis
1765 1984 2014 2060 habere,
2082 1987 2223 2051 Luc.
2269 1987 2498 2051 XXIV:
2547 1990 2650 2050 37.
2703 1989 2805 2049 39.

700 2088 790 2152 Ex
833 2088 1046 2172 quibus
1087 2100 1276 2172 patet,
1334 2088 1495 2172 quod
1536 2086 1834 2152 Naturale
1875 2086 2062 2172 Ipsius
2101 2087 2330 2172 Corpus
2373 2108 2476 2174 per
2504 2085 2818 2150 Glorifica··

697 2189 918 2252 tionem
975 2189 1255 2254 Divinum
1325 2188 1550 2252 factum
1606 2188 1714 2261 sit;
1769 2209 1953 2273 quare
2005 2188 2143 2250 dicit
2195 2189 2447 2265 Paulus,
2518 2185 2702 2270 Quod
2748 2191 2812 2251 in

667 2339 680 2350 .
703 2286 940 2353 Christo
980 2286 1203 2355 habitet
1242 2291 1439 2355 omnis
1472 2287 1793 2380 plenitudo
1834 2288 2184 2353 Divinitatis
2224 2287 2644 2381 corporaliter,
2699 2287 2808 2351 Co-

702 2391 835 2454 loss.
870 2390 960 2453 ll:
1012 2396 1079 2466 9,
1136 2401 1195 2454 et
1220 2387 1558 2464 Johairnes,
1617 2390 1803 2472 Quod
1829 2388 2031 2454 Filius
2058 2390 2178 2455 Dei
2198 2390 2384 2455 Jesus
2426 2388 2697 2454 Christus
2730 2395 2809 2453 sit

708 2490 916 2557 Verus
972 2490 1172 2567 Dete-r,
1226 2493 1252 2555 I
1300 2490 1487 2577 Epist.
1535 2491 1624 2556 V:
1686 2496 1788 2555 20.
1848 2495 1949 2554 21.
2044 2490 2134 2554 Ex
2186 2490 2274 2555 his
2331 2491 2525 2564 sciunt
2577 2489 2809 2575 Angeli,

699 2591 860 2675 quod
902 2591 1062 2655 solus
1104 2591 1396 2656 Dominus
1436 2592 1495 2653 in
1541 2591 1838 2656 Universo
1880 2591 2106 2656 Mundo
2152 2590 2454 2678 Spirituali
2492 2590 2568 2655 sit
2608 2591 2813 2676 plenus

662 2706 666 2710 ⁴
699 2691 919 2754 Homo.

857 2792 1079 2856 Notum
1123 2803 1209 2857 est
1249 2794 1306 2855 in
1350 2792 1644 2867 Ecclesia,
1700 2792 1858 2878 quod
1897 2792 2088 2856 omnis
2126 2790 2332 2855 Cultus
2372 2792 2528 2877 apud
2556 2789 2809 2854 Gentem

701 2890 1091 2955 israeliticam
1123 2904 1178 2956 et
1207 2893 1244 2957 J
1254 2894 1520 2956 udaicam
1552 2892 1731 2956 suerit
1759 2913 1919 2955 mere
1948 2893 2238 2956 Externus
2259 2937 2275 2964 ‚
2326 2901 2383 2954 et
2413 2891 2570 2978 quod
2610 2889 2815 2954 adum-

701 2992 970 3057 braverit
1014 2994 1249 3057 Cultum
1287 2993 1631 3065 Internum,
1685 3013 1860 3078 quem
1902 2992 2191 3056 Dominus
2232 2992 2495 3077 aperuit;
2550 3001 2607 3054 et
2648 2989 2809 3075 quod

696 3093 785 3155 sic
812 3091 1017 3156 Cultus
1050 3105 1184 3157 ante
1221 3095 1538 3156 adventum
1574 3092 1814 3155 Domini
1844 3093 2170 3155 constiterit
2199 3092 2258 3154 in
2299 3092 2455 3181 typis
2495 3100 2553 3154 et
2594 3088 2815 3176 liguris,

697 3212 858 3276 quae
896 3195 1419 3277 repraesentabant
1451 3193 1691 3257 Cultum
1733 3213 1942 3256 verum
1973 3194 2033 3254 iu
2061 3213 2165 3255 sua
2197 3194 2350 3278 justa
2389 3191 2594 3277 effigie.
2677 3189 2809 3277 Ipse

699 3292 999 3356 Dominus
1041 3295 1196 3378 apud
1237 3294 1531 3378 Antiquos
1569 3293 1808 3378 quidem
1852 3294 2011 3357 visus
2050 3303 2169 3366 est,
2224 3314 2359 3356 nam
2405 3294 2547 3356 dixit
2584 3291 2657 3355 ad
2703 3290 2812 3353 Ju-

700 3393 903 3465 daeos,
946 3389 1266 3458 Abraham
1294 3394 1487 3459 Pater
1513 3407 1718 3459 vester
1741 3391 2035 3459 exultavit
2065 3406 2126 3456 ut
2152 3392 2387 3458 videret
2414 3393 2571 3458 diem
2602 3413 2811 3463 meum,

697 3506 759 3557 et
802 3491 992 3568 vidit,
1061 3508 1118 3558 et
1156 3498 1421 3584 gavisus
1465 3508 1584 3559 est.-
1637 3493 1774 3558 dico
1816 3494 1997 3559 vobis
2018 3544 2032 3568 ,
2080 3497 2436 3583 priusquam
2483 3488 2808 3557 Abraham

672 3591 859 3680 fuit,
911 3593 1053 3683 Ego
1073 3591 1225 3681 fui,
1279 3594 1416 3657 Joh.
1449 3594 1627 3660 Vlll:
1680 3599 1781 3657 56.
1816 3598 1915 3656 58.
1989 3594 2103 3658 Sed
2147 3595 2282 3678 quia
2329 3603 2471 3657 tunc
2500 3593 2689 3657 solum
2718 3611 2812 3653 re-

697 3697 1196 3782 praesentabatur
1225 3695 1549 3770 Dominus,
1605 3694 1763 3781 quod
1810 3694 2029 3758 factum
2075 3703 2159 3757 est
2202 3716 2306 3781 per
2334 3691 2623 3779 AngeloS,
2681 3689 2814 3754 ideo

699 3794 905 3857 omnia
935 3795 1235 3859 Ecclesiae
1263 3797 1423 3882 apud
1449 3794 1580 3859 illos
1609 3795 2113 3881 repraesentativa
2149 3793 2303 3857 facta
2348 3803 2515 3867 sunt3
2568 3801 2630 3857 at
2658 3799 2815 3879 post·

646 3892 651 3897 ’
698 3915 880 3980 quam
925 3896 983 3957 in
1026 3896 1316 3959 Mundum
1364 3896 1557 3970 venit,
1614 3896 2189 3981 repraesentationes
2229 3894 2362 3958 illae
2411 3899 2813 3964 evanuerunt;

693 3992 875 4081 hujus
915 3998 1000 4059 rei
1041 3996 1293 4060 interior
1331 4016 1507 4061 causa
1548 3994 1696 4071 fuit,
1749 3997 1889 4080 quia
1929 3996 2223 4062 Dominus
2265 3995 2325 4058 in
2367 3994 2591 4058 Mundo
2636 3993 2814 4055 etiam

578 4125 586 4130 ·
696 4094 896 4158 induit
922 4097 1208 4162 Divinum
1236 4096 1560 4172 Naturale,
1615 4104 1676 4159 et
1702 4116 1774 4161 ex
1811 4094 1927 4159 hoc
1969 4116 2091 4159 non
2131 4094 2309 4159 modo
2346 4094 2601 4159 illustrat
2628 4092 2820 4155 Inter-

692 4216 842 4259 num
899 4196 1266 4285 spiritualem
1323 4195 1660 4272 bominem,
1714 4195 1816 4261 sed
1862 4196 2040 4261 etiam
2087 4195 2415 4259 Externum
2465 4192 2818 4265 naturalem,

699 4317 859 4382 quae
888 4298 1007 4362 duo
1037 4298 1145 4364 nisi
1175 4298 1349 4362 simul
1377 4298 1783 4374 illustrantur,
1833 4295 2014 4362 homo
2048 4306 2135 4361 est
2175 4296 2324 4360 sicut
2362 4295 2420 4359 in
2463 4295 2705 4366 umbra,
2760 4297 2820 4353 at
