3309 4775
721 386 793 448 ²⁶.
966 372 1426 429 UMVERSA
1467 372 2000 427 THEOLOGIA
2041 374 2112 430 N.
2154 370 2219 428 C.
2263 372 2375 425 Er
2415 372 2484 431 N.
2529 374 2593 425 E.

719 536 1009 614 utraque,
1044 524 1149 590 sed
1176 526 1290 602 ita,
1331 526 1489 612 quod
1513 528 1586 592 sit
1613 526 1954 591 Substantia
1982 534 2042 590 et
2067 525 2287 591 Forma
2319 525 2525 601 unica,
2567 526 2727 614 ipsa,
2767 536 2829 591 et

717 628 936 715 prima:
984 626 1140 713 quod
1172 624 1321 691 haec
1347 628 1567 693 Forma
1593 627 1669 693 sit
1695 628 1819 712 ipsa
1850 627 2149 701 Humana,
2182 625 2298 690 hoc
2323 635 2431 702 est,
2471 625 2630 712 quod
2659 627 2827 692 Deus

715 729 792 793 sit
820 727 952 813 Ipse
984 726 1204 801 Homo,
1236 728 1401 813 cujus
1430 728 1627 792 omnia
1668 726 1905 790 Infinita
1934 736 2088 802 sunt,
2118 726 2178 789 in
2197 726 2538 791 Samnnru
2555 726 2832 792 Anem-

714 848 795 891 ω
822 847 907 891 m:
932 826 1178 893 D1vmo
1206 830 1439 892 Amonn
1464 848 1542 892 Er
1562 828 1799 892 Dwm
1826 826 2188 901 Samum-u,
2206 823 2825 892 AmstelodamiAnno

716 917 1166 1003 MDCCLXIH,
1215 927 1490 1013 vulgata,
1534 927 2001 1001 demonstratum
2034 936 2152 1000 est;
2197 926 2465 992 similiter
2506 927 2663 1013 quod
2704 928 2830 991 An-

716 1029 832 1115 geti
860 1037 918 1090 et
948 1022 1238 1091 Homines
1276 1028 1390 1092 sint
1421 1028 1784 1093 substantiae
1814 1038 1869 1091 et
1904 1027 2133 1091 formae
2164 1037 2400 1091 creatae
2428 1036 2486 1089 et
2517 1028 2830 1113 organiza-

718 1137 816 1192 tae
843 1127 918 1192 ad
946 1126 1344 1214 recipiendum
1373 1127 1592 1193 Divina
1626 1148 1733 1214 per
1765 1127 2007 1217 Caelum
2051 1124 2357 1190 influentia
2395 1126 2457 1189 in
2497 1146 2593 1201 se;
2640 1147 2831 1213 quare

716 1228 779 1292 in
823 1228 1008 1292 Libro
1062 1227 1380 1293 creationis
1434 1238 1722 1292 vocantur
1771 1227 2067 1313 Imagines
2111 1237 2168 1291 et
2217 1226 2640 1291 Similitudines
2687 1227 2833 1303 Dei,

716 1329 858 1415 Cap.
895 1327 954 1389 l:
1000 1332 1105 1392 26.
1137 1333 1256 1403 27,
1301 1336 1360 1390 et
1387 1328 1547 1402 alibi,
1589 1327 1749 1414 quod
1779 1328 1895 1392 sint
1934 1326 2036 1392 fflii
2077 1327 2266 1415 Ipsius
2303 1335 2361 1390 et
2395 1327 2518 1391 nati
2546 1327 2625 1391 ab
2655 1326 2825 1414 lpso;

716 1438 779 1493 at
818 1428 977 1516 quod
1006 1436 1292 1514 quantum
1321 1428 1501 1491 homo
1531 1429 1642 1493 sub
1669 1428 1928 1515 auspicio
1949 1427 2170 1493 Divino
2199 1428 2375 1501 vivit,
2416 1426 2531 1492 boc
2558 1437 2677 1504 est,
2715 1448 2830 1516 pa-

718 1530 865 1593 titur
891 1550 952 1591 se
983 1528 1116 1592 duci
1147 1550 1179 1591 a
1210 1529 1372 1602 Deo,
1418 1537 1647 1593 tantum
1690 1527 1794 1591 fiat
1834 1526 2023 1612 Ipsius
2063 1528 2261 1613 imago
2299 1527 2545 1591 interius
2584 1536 2644 1591 et
2671 1527 2832 1591 inte-

717 1630 869 1706 rius,
918 1629 979 1691 in
1026 1628 1177 1695 serie
1216 1627 1390 1713 hujus
1432 1628 1681 1717 Operis,
1733 1628 1933 1693 multis
1973 1628 2492 1693 demonstrabitur.
2576 1628 2708 1693 Nisi
2745 1626 2828 1691 de

716 1730 844 1794 Deo
873 1727 1164 1793 formetur
1189 1728 1356 1805 idea,
1396 1729 1555 1815 quod
1583 1730 1660 1794 sit
1700 1730 1888 1812 prima
1914 1728 2257 1793 Substantia
2286 1739 2345 1792 et
2374 1727 2615 1804 Forma,
2658 1738 2717 1793 et
2746 1727 2830 1792 de

715 1829 935 1895 Forma
966 1827 1153 1915 Ipsius
1180 1828 1340 1916 quod
1366 1830 1440 1893 sit
1466 1828 1589 1915 ipsa
1623 1829 1938 1904 Humana,
1977 1831 2211 1894 Montes
2250 1826 2546 1892 humanae
2585 1826 2697 1893 sibi
2735 1826 2831 1892 fa-

713 1930 820 1995 cile
847 1928 1195 1994 inducerent
1222 1928 1560 2017 phantasias
1587 1931 1736 1993 sicut
1766 1938 1997 2013 spectra
2025 1929 2100 1993 de
2127 1927 2265 2015 Ipso
2290 1929 2454 2004 Deo,
2507 1928 2577 1991 de
2609 1937 2826 1992 exortu

711 2029 1049 2104 hominum,
1093 2039 1153 2093 et
1181 2029 1253 2092 de
1281 2028 1594 2095 Creatione
1625 2028 1863 2103 Mundi;
1906 2029 1980 2091 de
2008 2028 2136 2092 Deo
2166 2051 2284 2093 non
2313 2028 2487 2094 aliam
2517 2028 2826 2092 notionem

712 2129 825 2196 sibi
861 2139 1201 2206 sumerent,
1243 2151 1419 2217 quam
1463 2130 1612 2194 sicut
1653 2130 1727 2192 de
1766 2129 2000 2194 Natura
2043 2129 2303 2197 universi
2344 2129 2405 2192 in
2442 2128 2562 2193 suis
2599 2127 2825 2216 primis,

715 2231 797 2297 ita
836 2228 987 2295 sicut
1029 2229 1102 2294 de
1142 2232 1268 2317 ejus
1308 2230 1614 2317 Expanso,
1674 2239 1778 2294 aut
1810 2230 1959 2293 sicut
2002 2229 2075 2293 de
2112 2229 2273 2294 inani
2316 2237 2420 2294 aut
2466 2227 2681 2301 nihilo;
2746 2227 2822 2291 de

712 2339 920 2401 exortu
953 2327 1288 2407 hominum,
1324 2331 1473 2395 sicut
1501 2329 1572 2394 de
1600 2328 1879 2406 confluxu
1912 2329 2341 2395 elementorum
2383 2331 2442 2393 in
2479 2328 2657 2394 talem
2696 2326 2824 2392 for-

717 2453 873 2496 mam
916 2452 988 2495 ex
1037 2430 1323 2507 fortuito,
1377 2430 1449 2493 de
1492 2431 1808 2496 Creatione
1853 2431 2092 2507 Mundi,
2137 2432 2295 2515 quod
2339 2432 2509 2516 origo
2546 2429 2824 2495 substan·

592 2543 605 2557 ·
715 2534 927 2601 tiarum
957 2541 1015 2595 et
1042 2533 1368 2597 formarum
1398 2532 1524 2618 ejus
1547 2531 1621 2595 sit
1662 2551 1732 2594 ex
1773 2532 2003 2618 punctis
2043 2540 2099 2595 et
2131 2531 2265 2595 dein
2309 2531 2474 2595 lineis
2502 2527 2826 2615 geometri-

713 2633 813 2708 cis,
862 2653 1014 2718 quae
1041 2633 1179 2719 quia
1209 2629 1420 2696 nullius
1449 2630 1936 2719 praedicationis,
1969 2630 2049 2694 ita
2079 2630 2137 2694 in
2167 2653 2229 2695 se
2260 2652 2378 2695 non
2407 2629 2627 2715 aliquid
2654 2636 2826 2701 sunt;

712 2731 868 2821 apud
896 2733 1044 2796 tales
1070 2743 1156 2797 est
1186 2752 1362 2797 omne
1393 2732 1693 2796 Ecclesiae
1719 2732 1867 2794 sicut
1894 2740 2026 2821 styx
2061 2741 2162 2794 aut
2192 2732 2383 2818 caligo
2411 2733 2470 2795 in
2500 2738 2746 2833 tartaro.

862 2836 968 2896 21.
1029 2832 1132 2896 111.
1190 2832 1384 2912 Quon
1413 2832 1714 2896 D1vmum
1754 2832 1905 2896 Esse
1945 2851 2041 2895 su*
2067 2829 2219 2895 Essr.
2254 2851 2320 2895 m
2357 2852 2458 2906 sn,
2503 2850 2582 2894 1·:·r
2621 2848 2826 2893 smum

598 3012 605 3015 ,
712 2932 1030 2998 Ex1srnnn
1065 2953 1128 2997 m
1169 2953 1256 2998 ss.
1338 2933 1515 3013 Quod
1542 2929 1821 2996 Jebovab
1851 2933 2016 2996 Deus
2046 2931 2121 2995 sit
2149 2931 2291 2996 Esse
2321 2932 2383 2994 in
2424 2953 2519 3006 se,
2563 2939 2653 2994 est
2680 2929 2825 3016 quia

712 3045 797 3099 est
825 3034 967 3098 Sum
985 3083 999 3108 ,
1043 3033 1273 3123 Ipsum,
1320 3033 1576 3099 Unicum
1605 3041 1666 3095 et
1694 3032 1981 3107 Primum,
2026 3031 2105 3096 ab
2132 3040 2377 3096 aeterno
2403 3031 2463 3093 in
2491 3039 2827 3105 aeternum,

709 3156 745 3198 a
774 3156 892 3221 quo
920 3156 1097 3200 omne
1125 3145 1211 3199 est
1240 3133 1400 3219 quod
1441 3144 1562 3206 est,
1608 3142 1675 3195 ut
1711 3133 1785 3196 sit
1825 3131 2079 3217 atiquid3
2123 3133 2206 3197 ita
2253 3141 2311 3196 et
2356 3153 2477 3196 non
2519 3130 2693 3194 aliter
2728 3138 2828 3195 est

710 3234 1071 3322 Principium
1112 3245 1172 3298 et
1217 3234 1400 3308 Finis,
1439 3234 1677 3299 Primus
1712 3242 1774 3295 et
1801 3233 2074 3310 Ultimus,
2117 3241 2176 3296 et
2215 3230 2405 3320 Alpba
2453 3240 2512 3295 et
2555 3231 2827 3314 Omegaz

695 3347 828 3400 'non
856 3344 1049 3421 potest
1078 3334 1226 3408 dici,
1258 3333 1417 3420 quod
1444 3334 1519 3396 sit
1547 3354 1719 3397 suum
1751 3332 1892 3395 Esse
1920 3353 1953 3394 a
1980 3355 2074 3408 se,
2119 3334 2257 3419 quia
2287 3352 2411 3397 noc
2437 3354 2527 3397 Ex
2557 3352 2629 3394 sn
2653 3331 2829 3418 ponit

709 3436 871 3522 prius
897 3444 955 3498 et
984 3435 1068 3499 sic
1097 3442 1362 3522 temp-us,
1409 3432 1567 3519 quod
1596 3453 1715 3495 non
1747 3432 1899 3495 cadit
1930 3431 1988 3493 in
2015 3431 2314 3497 Infinitum
2333 3481 2348 3508 ,
2381 3433 2539 3519 quod
2570 3439 2830 3496 vocatur

682 3534 792 3600 ἈΒ
818 3553 1141 3609 Amano,
1178 3542 1236 3596 et
1264 3554 1500 3618 quoque
1529 3533 1691 3618 ponit
1720 3531 1900 3594 alium
1931 3532 2153 3608 Deum,
2195 3533 2294 3619 qui
2325 3533 2427 3599 Est
2457 3534 2619 3598 Deus
2646 3530 2706 3594 in
2732 3551 2824 3606 se,

708 3636 791 3698 ita
823 3633 1016 3697 Deum
1061 3653 1095 3697 a
1137 3635 1304 3708 Deo,
1348 3643 1449 3696 aut
1490 3633 1647 3718 quod
1690 3633 1850 3697 Deus
1889 3654 1949 3697 se
1980 3632 2174 3720 lpsum
2215 3633 2595 3708 sormaverit,
2635 3641 2695 3695 et
2734 3631 2829 3696 sic

711 3756 831 3797 non
863 3733 1015 3798 foret
1046 3732 1370 3807 lncreatus,
1413 3753 1522 3795 nec
1552 3730 1845 3806 Infinitus,
1889 3733 2025 3820 quia
2051 3733 2134 3798 sic
2160 3756 2222 3798 se
2250 3755 2284 3799 a
2315 3755 2377 3797 se
2409 3732 2501 3797 vel
2528 3754 2600 3797 ex
2626 3730 2825 3797 altero

708 3833 917 3900 finivit.
996 3834 1085 3898 Ex
1131 3855 1236 3909 eo,
1283 3832 1440 3919 quod
1486 3833 1651 3898 Deus
1689 3834 1765 3897 sit
1805 3831 1947 3898 Esse
1987 3834 2046 3897 in
2092 3853 2187 3909 se,
2230 3826 2498 3919 sequitur
2538 3830 2697 3919 quod
2745 3833 2827 3896 sit

703 3933 899 4000 Amor
922 3934 983 3999 iu
1009 3955 1107 4009 se,
1143 3931 1448 4019 Sapientia
1474 3933 1534 3997 in
1561 3954 1658 4009 se,
1695 3953 1768 3997 ac
1793 3932 1931 3998 Vita
1973 3932 2032 3996 in
2075 3954 2137 3998 se
2157 3979 2174 4007 ,
2218 3942 2277 3996 et
2306 3931 2467 4018 quod
2494 3933 2569 3997 sit
2595 3931 2823 4017 Ipsum,

708 4055 746 4100 a
774 4032 912 4112 Quo
939 4036 1137 4099 omnia
1166 4042 1338 4110 sunt,
1385 4034 1545 4099 etad
1575 4032 1739 4120 quod
1767 4032 1970 4098 omnia
2007 4053 2071 4097 se
2110 4033 2411 4108 referunt,
2447 4041 2513 4096 ut
2554 4031 2672 4096 sint
2709 4031 2825 4095 ali·

707 4132 885 4220 qnid;
944 4133 1106 4222 quod
1152 4134 1323 4200 Deus
1367 4137 1448 4202 sit
1496 4133 1655 4203 Vita
1701 4134 1765 4198 in
1811 4155 1909 4208 se,
1968 4143 2029 4196 et
2071 4132 2156 4198 sic
2200 4133 2403 4208 Deus,
2468 4139 2700 4198 constat
2744 4152 2830 4196 ex

701 4232 945 4311 ¹Domini
975 4235 1189 4301 Verbis
1217 4234 1374 4325 apud
1399 4234 1739 4299 Jobannem
1768 4231 1909 4323 Cap.
1951 4232 2037 4298 V:
2090 4236 2194 4298 26:
2266 4233 2345 4298 Et
2370 4233 2529 4323 apud
2556 4231 2853 4323 Esaiam„
