3309 4775
658 412 732 467 11.
777 408 1194 467 Domles
1240 408 1814 465 REDEMPTOR.
1861 438 1926 450 -
1971 409 2525 463 REDEMPTIO.
2610 421 2717 471 179

612 587 692 629 ex
722 561 980 629 Eruditis
1008 572 1401 648 congregatus
1420 612 1436 638 ,
1490 563 1591 650 qui
1617 562 1774 625 inter
1797 581 1865 627 se
1887 561 2249 637 ventilabat,
2305 561 2442 649 quid
2470 561 2721 628 involvit

617 666 712 739 id,
763 662 923 750 quod
964 661 1037 725 de
1080 662 1337 727 Domino
1376 662 1619 740 dicitur,
1676 662 1832 749 quod
1879 662 2145 728 sublatus
2184 662 2242 723 in
2286 661 2526 726 Caelum
2576 682 2718 726 con-

615 765 805 828 sideat
845 785 879 826 a
907 763 1128 827 dextris
1156 761 1304 838 Dei,
1355 763 1540 827 Marc.
1573 762 1751 828 XVI:
1800 764 1899 827 19.
1979 761 2255 848 Plerique
2291 783 2362 825 ex
2391 781 2719 848 congrega-

616 864 691 929 tis
744 863 1049 938 dixerunt,
1112 861 1272 947 quod
1320 862 1417 926 illa
1461 885 1701 949 prorsus
1742 863 2063 926 secundum
2111 863 2294 927 verba
2340 861 2718 949 intelligenda

615 965 767 1039 sint,
820 965 981 1050 quod
1027 963 1210 1027 Filius
1256 963 1335 1025 ita
1382 963 1583 1027 sedeat
1624 963 1782 1045 juxta
1826 962 2102 1026 Patrem:
2154 972 2213 1025 at
2259 962 2586 1049 quat-situm
2632 972 2721 1027 est

618 1085 726 1127 cur
754 1063 869 1139 ita,
922 1064 1195 1127 dixerunt
1208 1063 1397 1148 aliqui
1429 1064 1584 1149 quod
1613 1062 1796 1127 Filius
1822 1084 1856 1126 a
1885 1064 2064 1128 Patre
2092 1061 2166 1125 ad
2196 1062 2459 1127 dextram
2495 1062 2722 1128 locatus

617 1165 694 1229 sit
724 1172 965 1252 propter
993 1163 1484 1250 Redemptionem
1514 1184 1692 1249 quam
1723 1163 1987 1249 perfecit;
2023 1163 2200 1249 aliqui
2227 1163 2384 1248 quod
2411 1164 2491 1227 ita
2517 1163 2721 1228 sedeat

616 1286 691 1328 ex
733 1284 964 1336 amore3
1021 1264 1199 1349 aliqui
1231 1263 1388 1349 quod
1423 1273 1770 1351 propterea,
1825 1272 1889 1327 ut
1917 1262 2299 1327 Consiliarius
2324 1263 2467 1348 Ejus
2502 1263 2609 1339 sit,
2662 1272 2721 1326 et

624 1364 760 1450 quia
799 1362 930 1426 talis
972 1375 1037 1427 ut
1076 1363 1166 1427 llli
1193 1361 1383 1427 honor
1411 1364 1487 1427 ab
1514 1360 1784 1449 Angelis;
1839 1372 1901 1426 et
1942 1363 2119 1449 aliqui
2164 1362 2528 1449 quodideo,
2581 1363 2720 1450 quia

626 1465 826 1527 datum
868 1464 919 1526 ei
962 1483 995 1528 a
1037 1465 1216 1529 Patre
1263 1483 1513 1549 regnare
1560 1466 1689 1527 vice
1731 1464 1903 1546 Ejus,
1955 1484 2093 1527 nam
2139 1460 2351 1548 legitur
2396 1463 2555 1549 quod
2603 1461 2721 1551 Ipsi

620 1565 758 1628 data
786 1563 857 1628 sit
885 1565 1077 1627 omnis
1107 1573 1363 1650 potestas
1391 1564 1449 1626 in
1477 1564 1657 1628 Caelo
1689 1573 1747 1627 et
1774 1565 1833 1627 in
1860 1563 2081 1638 Terra;
2133 1572 2195 1627 at
2237 1563 2417 1627 multa
2448 1584 2613 1651 pam,
2657 1573 2724 1631 ut

624 1664 822 1728 audiat
850 1685 881 1726 a
912 1663 1130 1729 dextris
1161 1686 1266 1749 pro
1297 1665 1506 1749 quibus
1544 1664 1887 1737 intercedit;
1940 1685 2148 1729 omnes
2186 1665 2341 1726 enim
2368 1663 2429 1726 in
2458 1663 2722 1731 Ecclesia

622 1762 798 1827 hodie
839 1764 1055 1827 adeunt
1088 1765 1278 1829 Deum
1309 1765 1582 1837 Patrem,
1634 1774 1694 1827 et
1734 1774 1938 1837 orant,
1990 1774 2054 1827 ut
2096 1765 2444 1827 misereatur
2484 1776 2725 1852 propter

623 1865 867 1940 Filium,
922 1875 978 1927 et
1009 1864 1123 1928 ho‘c
1151 1865 1355 1938 efficit,
1411 1873 1473 1929 ut
1499 1865 1683 1930 Pater
1708 1886 1767 1929 se
1810 1873 2003 1930 vertat
2041 1865 2113 1927 ad
2156 1862 2352 1939 illum,
2407 1873 2473 1927 ut
2500 1865 2723 1931 media-

625 1965 845 2028 tionem
897 1965 1176 2052 excipiat;
1252 1975 1311 2027 at
1357 1964 1535 2051 aliqui
1585 1965 1890 2040 dixerunt,
1941 1965 2098 2051 quod
2147 1965 2334 2028 solum
2384 1964 2567 2030 Filius
2608 1967 2723 2031 Dei

620 2065 697 2128 ab
725 2073 968 2128 aeterno
999 2065 1073 2128 ad
1102 2066 1368 2128 dextram
1397 2065 1593 2130 Patris
1625 2067 1859 2140 sedeat,
1915 2075 1980 2130 ut
2013 2067 2405 2129 communicet
2432 2064 2722 2130 Divinita-

619 2174 739 2227 tem
765 2186 930 2228 suam
958 2186 1089 2228 cum
1119 2165 1270 2229 Filio
1303 2165 1552 2229 hominis
1580 2175 1721 2230 nato
1748 2166 1808 2228 in
1836 2165 2081 2229 Mundo.
2164 2165 2275 2229 His
2318 2166 2560 2243 auditis,
2613 2166 2722 2230 mi-

619 2274 784 2328 ratus
835 2286 961 2328 sum
1018 2265 1223 2340 valde,
1286 2265 1444 2351 quod
1497 2266 1761 2341 Eruditi,
1833 2265 2062 2333 tametsi
2104 2264 2303 2351 aliquo
2351 2276 2618 2352 te'mpore
2661 2267 2722 2330 in

621 2366 848 2431 Mundo
875 2366 1164 2450 spirituali
1191 2366 1538 2431 commorati
1565 2375 1733 2443 sunt,
1788 2389 1969 2453 usque
1997 2375 2115 2431 tam
2146 2366 2335 2452 ignari
2365 2388 2561 2431 rerum
2593 2389 2725 2433 cae-

618 2466 850 2529 lestium
879 2477 1102 2541 essent3
1156 2467 1256 2531 sed
1301 2468 1529 2555 percepi
1563 2488 1837 2543 causam,
1891 2467 2046 2553 quod
2093 2487 2164 2529 ex
2204 2466 2417 2531 fiducia
2449 2468 2724 2555 propriae

618 2566 1040 2652 intelligentiae
1074 2590 1188 2632 non
1217 2588 1278 2631 se
1308 2569 1456 2655 passi
1484 2568 1600 2630 sint
1628 2589 1663 2631 a
1692 2567 2052 2654 sapientibus
2078 2567 2303 2630 instrui.
2386 2568 2607 2633 Verum
2650 2589 2724 2632 ne

606 2666 839 2730 <diutius
865 2667 923 2728 in
950 2667 1286 2753 ignorantia
1313 2668 1388 2732 de
1412 2668 1669 2732 sessione
1701 2669 1834 2732 Filii
1867 2668 1939 2731 ad
1972 2667 2237 2730 dextram
2272 2664 2467 2730 Patris
2495 2687 2726 2752 perma-

552 2789 577 2802 ‘
622 2762 861 2842 nerent,
912 2768 1116 2831 sustuli
1147 2768 1433 2856 palmam,
1480 2787 1726 2854 rogans,
1773 2768 2188 2853 utpraebeant
2214 2787 2386 2831 aures
2411 2767 2485 2829 ad
2517 2787 2723 2852 pauca,

618 2887 776 2953 quae
804 2868 875 2930 de
903 2868 1000 2931 illa
1029 2867 1190 2955 loqui
1218 2868 1517 2941 desidero;
1570 2878 1629 2931 et
1658 2867 1795 2954 quia
1840 2876 2200 2944 annuerunt,
2256 2867 2411 2942 dixi,
2462 2867 2723 2932 nostisne

619 2988 696 3029 ex
723 2967 954 3041 Verbo,
1007 2968 1180 3045 Quod
1212 2969 1394 3034 Pater
1419 2977 1477 3031 et
1505 2968 1689 3033 Filius
1716 2989 1895 3031 unum
1935 2969 2053 3031 sint
2073 3015 2090 3043 ,
2143 2976 2204 3030 et
2243 2967 2399 3053 quod
2431 2966 2612 3030 Pater
2648 2967 2724 3031 sit

614 3066 679 3128 in
725 3067 877 3132 Filio
910 3077 970 3130 et
1006 3069 1186 3134 Filius
1228 3070 1284 3130 in
1331 3069 1541 3142 Patre,
1594 3067 1746 3132 haec
1782 3069 2075 3132 Dominus
2114 3077 2316 3153 aperte
2357 3066 2528 3141 dicit,
2577 3066 2717 3132 Joh.

616 3167 710 3231 X:
759 3173 873 3243 30,
930 3178 987 3231 et
1027 3168 1166 3256 Cap.
1199 3169 1371 3235 XIV:
1423 3173 1521 3232 10.
1560 3172 1630 3231 11
1659 3197 1688 3242 ;·
1727 3170 1773 3232 si
1802 3165 1951 3231 haec
1985 3190 2102 3231 non
2146 3168 2411 3243 creditis,
2464 3168 2721 3233 dividitis

615 3267 812 3330 Deum
853 3269 913 3331 in
953 3269 1131 3345 duos,
1186 3292 1304 3356 quo
1345 3269 1504 3333 facto
1530 3291 1648 3332 non
1681 3270 1922 3357 potestis
1949 3269 2119 3331 aliter
2143 3288 2319 3353 quam
2350 3267 2719 3343 naturaliter,

612 3369 1001 3444 sensualiter,
1055 3370 1173 3434 imo
1229 3368 1641 3445 materialiter,
1695 3370 1766 3433 de
1807 3368 1936 3433 Deo
1982 3368 2276 3453 cogitare,
2333 3367 2490 3455 quod
2541 3369 2717 3433 etiam

611 3464 834 3530 factum
864 3477 955 3532 est
979 3469 1036 3531 in
1065 3470 1291 3534 Mundo
1318 3491 1351 3533 a
1383 3480 1646 3555 tempore
1676 3469 1956 3533 CoNclm
1984 3467 2288 3544 ΝιεΑΕΝι,
2346 3466 2503 3554 quod
2533 3469 2718 3533 intro—

612 3566 779 3631 duxit
807 3570 958 3632 Tres
985 3569 1280 3634 Personas
1318 3569 1566 3634 Divinas
1599 3570 1675 3634 ab
1716 3578 1992 3643 aeterno,
2045 3577 2103 3631 et
2144 3590 2249 3655 per
2292 3567 2350 3630 id
2391 3567 2720 3632 Ecclesiam

611 3669 793 3730 vertit
820 3670 880 3731 in
909 3669 1233 3733 Theatrum
1252 3719 1267 3745 ,
1314 3672 1408 3734 cui
1436 3670 1713 3757 appendit
1739 3667 1964 3733 Aulaea
1995 3669 2178 3756 picta,
2219 3668 2374 3733 intra
2406 3689 2559 3756 quae
2589 3689 2719 3755 per·

608 3769 806 3830 sonati
835 3791 1023 3832 novas
1048 3791 1254 3834 scenas
1284 3771 1836 3858 repraesentabant;
1891 3769 2019 3857 quis
2052 3790 2173 3832 non
2204 3768 2313 3832 scit
2343 3776 2403 3832 et
2429 3768 2716 3854 agnoscit,

611 3868 773 3952 quod
802 3868 965 3933 Deus
993 3869 1161 3934 Unus
1188 3871 1293 3946 sit,
1345 3872 1394 3935 si
1431 3869 1543 3933 hoc
1584 3870 1761 3933 corde
1803 3881 1860 3932 et
1899 3869 2106 3955 spiritu
2149 3870 2496 3955 agnoscitis,
2550 3867 2715 3934 dissi·

610 3976 834 4051 pantur
875 3990 945 4031 ex
984 3991 1046 4033 se
1087 3970 1283 4033 omnia
1328 3991 1480 4057 quae
1526 3971 1752 4058 loquuti
1791 3970 1955 4046 estis,
2010 3978 2069 4032 et
2113 3969 2376 4033 resiliunt
2414 3969 2475 4032 in
2514 3973 2711 4032 alitem

607 4066 764 4129 sicut
794 4088 986 4155 nugae
1015 4070 1091 4133 ab
1120 4091 1262 4134 aure
1289 4070 1581 4159 sapientis.
1659 4067 1751 4134 Ad
1780 4069 1928 4133 haec
1965 4068 2119 4134 dicta
2161 4069 2326 4133 multi
2356 4068 2586 4132 accensi
2624 4069 2714 4132 ira

610 4168 907 4231 ardebant
933 4169 1210 4233 vellicare
1239 4191 1411 4234 aures
1438 4191 1617 4245 meas,
1646 4179 1706 4232 et
1736 4171 2015 4238 mandare
2042 4169 2367 4243 silentium;
2405 4168 2506 4232 sed
2534 4167 2714 4233 Prae-

606 4267 699 4329 sul
729 4259 1206 4356 congregationis
1230 4272 1291 4333 in
1317 4270 1722 4358 indignatione
1753 4270 1927 4346 dixit,
1979 4269 2074 4333 hic
2113 4291 2233 4331 non
2272 4289 2465 4334 sermo
2508 4278 2593 4332 est
2639 4268 2712 4331 de

2157 4369 2223 4432 Μ
2253 4365 2293 4405 ιιι
