3309 4775
680 368 724 423 1.
809 367 1038 421 nisus
1079 366 1522 422 anA‘rou.
1581 395 1647 405 -
1692 364 2163 419 1NF1N1'rAs
2208 333 2375 421 nei.
2507 379 2574 426 ss

473 542 680 587 omma
708 541 775 586 m
806 521 1134 587 Umvssnso
1156 539 1318 582 suu-r
1344 539 1421 583 Er
1448 539 1761 584 Exrsrunr
1785 537 1873 583 nx
1901 519 2074 596 Ipso,
2117 519 2440 586 Ixrrmrus
2463 543 2574 587 srr.

482 624 793 686 Hactenus
832 633 1130 687 ostensum
1174 629 1287 691 est,
1344 620 1501 704 quod
1531 620 1692 684 Deus
1731 641 1882 684 unus
1918 623 2018 697 sit,
2074 632 2130 685 et
2172 622 2328 708 quod
2369 624 2443 687 sit
2483 622 2581 710 Ip-

479 747 637 799 sum,
685 732 743 787 et
771 724 930 810 quod
959 724 1031 787 sit
1063 725 1311 807 primum
1343 721 1483 785 Esse
1513 720 1809 797 omnium,
1852 731 1912 784 et
1947 724 2102 807 quod
2144 733 2389 799 cuncta,
2428 746 2582 812 quae

479 827 540 887 in
569 825 862 889 Universo
890 833 1059 896 sunt,
1098 822 1351 886 existunt
1380 833 1439 884 et
1465 821 1819 897 subsistunt,
1864 823 1980 886 sint
2024 846 2092 886 ex
2135 822 2275 895 lllo;
2318 824 2453 888 inde
2494 847 2584 889 se·

479 928 712 1012 quitur,
754 927 911 1011 quod
940 922 1205 988 Infinitus
1230 924 1335 986 sit:
1380 923 1536 1007 qnod
1566 923 1747 988 Ratio
1776 923 2034 988 humana
2068 946 2137 987 ex
2182 926 2484 1012 permultis
2525 928 2583 990 in

484 1028 782 1093 Universo
813 1035 1011 1089 creato
1038 1025 1093 1087 id
1125 1025 1326 1088 videre
1370 1025 1577 1109 possit,
1631 1023 1691 1087 in
1737 1026 2115 1111 sequentibus
2156 1028 2591 1091 demonstrabi-.

487 1138 598 1191 tur.
666 1128 783 1192 Sed
815 1126 1044 1190 tametsi
1073 1127 1244 1191 Mens
1269 1124 1523 1187 humana
1563 1149 1634 1189 cx
1673 1126 1785 1189 illis
1813 1148 2134 1213 agnoscere
2164 1134 2385 1215 potest,
2427 1130 2584 1215 quod

490 1232 746 1317 primum
789 1230 908 1293 Ens
946 1249 1048 1292 seu
1080 1228 1330 1313 primum
1363 1226 1501 1290 Esse
1542 1225 1835 1290 infinitum
1878 1228 1979 1301 sit,
2027 1251 2210 1314 usque
2250 1249 2369 1293 non
2400 1238 2589 1317 potest

489 1350 880 1414 cognoscere,
922 1328 1096 1414 quale
1135 1327 1275 1389 illud
1320 1337 1434 1402 est,
1480 1328 1724 1413 proinde
1766 1350 1883 1391 non
1930 1328 2171 1391 delinire
2212 1328 2353 1392 illud
2396 1331 2588 1404 aliter,

486 1452 663 1516 quam
694 1430 851 1516 quod
881 1430 951 1491 sit
984 1427 1282 1492 inlinitum
1314 1427 1528 1502 Omne,
1574 1439 1629 1490 et
1664 1430 1820 1514 quod
1849 1429 2124 1492 subsistat
2153 1429 2210 1491 in
2240 1449 2322 1504 se,
2366 1440 2424 1493 et
2449 1431 2588 1493 inde

487 1532 648 1618 quod
678 1533 750 1594 sit
785 1531 906 1616 ipsa
951 1540 1009 1591 et
1053 1529 1223 1591 unica
1250 1528 1623 1605 Substantia,
1681 1538 1740 1591 et
1788 1532 1922 1616 quia
1968 1530 2039 1592 de
2076 1530 2402 1595 substantia
2442 1531 2589 1594 nibil

487 1632 881 1719 praedicabile
912 1639 1029 1704 est,
1072 1629 1180 1693 nisi
1208 1630 1280 1693 sit
1309 1628 1529 1698 forma.
1580 1630 1738 1715 quod
1765 1632 1838 1693 sit
1877 1633 1996 1718 ipsa
2039 1641 2095 1693 et
2135 1631 2307 1695 unica
2336 1630 2588 1697 Forma:

487 1746 574 1797 ast
607 1733 743 1818 quid
777 1741 973 1795 tamen
1001 1730 1180 1804 haec,
1222 1751 1341 1793 nou
1367 1731 1450 1793 sic
1481 1740 1727 1817 apparet
1755 1733 1927 1815 quale
1958 1741 2043 1795 est
2080 1724 2410 1807 Infinituim
2463 1734 2590 1821 ipsa

485 1835 645 1898 enim
693 1834 860 1897 Mens
897 1832 1188 1905 humana,
1257 1832 1432 1895 etiam
1478 1847 1705 1896 summe
1747 1833 2041 1922 analytica
2087 1840 2145 1894 et
2184 1833 2448 1909 elevata,
2504 1843 2590 1900 est

489 1935 689 2010 finita,
735 1945 792 1997 et
832 1933 1060 1998 finitum
1102 1933 1160 1995 in
1205 1932 1300 1997 illa
1347 1954 1464 1996 nou
1513 1943 1705 2019 potest
1750 1933 2077 2008 removeri,
2122 1955 2308 2019 quare
2349 1937 2591 2022 nequic-

493 2059 671 2122 quam
717 2056 897 2121 capax
937 2045 1022 2098 est
1071 2036 1269 2098 videre
1313 2033 1670 2098 Infinitatem
1714 2035 1851 2108 Dei,
1909 2035 2094 2121 qualis
2133 2045 2219 2098 est
2263 2035 2324 2098 in
2367 2058 2460 2110 se,
2506 2036 2586 2099 ita

494 2139 719 2210 Deum,
755 2137 855 2200 sed
887 2145 1074 2219 potest
1103 2137 1294 2199 Deum
1324 2136 1380 2197 in
1411 2136 1620 2199 umbra
1654 2136 1854 2200 videre
1881 2159 1913 2199 a
1945 2147 2147 2220 terge,
2190 2137 2339 2200 sicut
2368 2137 2588 2200 dictum

492 2248 581 2300 est
611 2240 683 2303 ad
713 2237 950 2311 Mosen,
996 2238 1133 2299 dum
1160 2236 1508 2323 supplicavit
1547 2238 1750 2301 videre
1785 2236 2008 2312 Deum,
2056 2237 2214 2322 quod
2256 2237 2478 2325 positus
2514 2238 2591 2304 sit

444 2405 451 2408 .
487 2341 549 2402 in
583 2338 867 2404 foramine
897 2347 1119 2426 petrae,
1152 2347 1211 2401 et
1239 2337 1448 2402 viderit
1478 2338 1798 2424 posteriora
1831 2338 2030 2426 Ipsius,
2067 2338 2253 2403 Exod.
2285 2338 2584 2404 XXXIII:

494 2445 597 2505 20.
617 2441 689 2505 ad
707 2444 824 2510 233
863 2462 966 2528 per
998 2441 1322 2525 posteriora
1340 2441 1447 2503 Dei
1477 2440 1885 2523 intelliguntur
1910 2440 2158 2504 visibilia
2189 2441 2244 2502 in
2260 2440 2505 2516 Mundo,
2533 2451 2593 2503 et

488 2543 551 2605 in
579 2544 769 2630 specie
800 2542 1200 2627 perceptibilia
1230 2542 1284 2602 iu
1319 2541 1546 2604 Verbo:
1593 2563 1663 2603 ex
1689 2540 1777 2604 his
1808 2550 1997 2629 patet,
2046 2541 2203 2628 quod
2240 2562 2454 2604 vanum
2500 2544 2591 2616 sit,

493 2644 649 2707 velle
678 2662 1066 2729 cognoscere,
1112 2643 1300 2729 qualis
1325 2641 1486 2705 Deus
1527 2652 1611 2705 est
1651 2642 1709 2703 in
1739 2665 1844 2704 suo
1876 2642 2052 2716 Esse,
2095 2653 2197 2705 aut
2223 2641 2282 2704 in
2309 2662 2414 2706 sua
2443 2642 2596 2706 Sub-

492 2744 746 2814 stantia;
802 2743 903 2806 setl
933 2744 1089 2828 quod
1118 2744 1258 2809 satis
1285 2744 1355 2805 sit
1382 2764 1703 2829 agnoscere
1734 2741 1930 2828 Ipsum
1971 2764 2040 2806 ex
2082 2742 2288 2817 sinitis,
2337 2741 2451 2806 boc
2492 2752 2596 2817 est,

493 2846 744 2920 creatis,
789 2845 848 2906 iu
879 2844 1092 2929 quibus
1122 2853 1206 2907 est
1234 2841 1492 2915 infinite;
1537 2843 1715 2906 bomo
1745 2843 1843 2928 qui
1874 2842 2027 2907 ultra
2066 2846 2313 2928 satagit,
2358 2864 2599 2932 compa-

494 2947 619 3010 rari
666 2955 856 3032 potest
904 2945 1042 3030 pisci
1081 2953 1347 3008 extracto
1389 2944 1444 3005 in
1488 2949 1718 3014 a‘erem;
1763 2955 1862 3008 aut
1903 2945 1999 3007 avi
2042 2945 2330 3008 immissae
2369 2944 2597 3031 siphoni

495 3048 903 3135 pneumatica,
947 3066 1127 3131 quae,
1168 3047 1317 3108 sient
1359 3046 1694 3107 exantlatur
1733 3051 1865 3120 ae'r,
1906 3047 2217 3132 singultat,
2263 3054 2322 3107 et
2357 3045 2594 3109 demum

497 3149 788 3234 exspirat:
834 3156 893 3209 et
922 3169 1157 3233 quoque
1190 3144 1517 3233 comparari
1548 3155 1737 3230 potest
1767 3148 1937 3220 navi,
1980 3168 2133 3232 quae
2174 3147 2311 3210 dum
2345 3147 2599 3210 vincitur

496 3268 534 3312 a
565 3248 852 3337 procella,
900 3258 956 3311 et
996 3246 1119 3310 nori
1148 3247 1494 3332 obsequitur
1520 3247 1955 3329 gubernaculo,
2002 3247 2192 3312 fertur
2228 3249 2288 3309 in
2328 3249 2599 3336 scopulos

495 3361 558 3413 et
596 3361 821 3439 syrtes;
866 3350 949 3413 sic
979 3348 1043 3411 fit
1074 3348 1212 3423 illis,
1260 3348 1358 3434 qui
1402 3345 1756 3411 Infinitatem
1790 3349 1898 3411 Dei
1944 3349 2149 3412 volunt
2187 3350 2263 3412 ab
2303 3350 2457 3415 intra
2499 3371 2599 3412 co-

494 3472 818 3537 gnoscere,
862 3472 979 3513 non
1021 3451 1279 3513 contenti
1328 3449 1482 3536 quod
1526 3450 1747 3536 possint
1786 3450 1945 3513 illam
1989 3451 2066 3514 ab
2106 3458 2273 3514 extra
2310 3472 2382 3513 ex
2411 3451 2599 3515 mani-

496 3551 662 3617 festis
701 3553 925 3615 indiriis
962 3570 1299 3636 agnoscere.
1381 3549 1625 3635 Legitur
1657 3552 1729 3613 de
1757 3552 2011 3635 quodam
2043 3550 2400 3640 philosopho
2444 3552 2599 3616 inter

498 3653 825 3737 Antiquos,
872 3654 1029 3740 quod
1059 3652 1193 3738 quia
1223 3650 1646 3715 Aeternitatem
1680 3652 1885 3714 Mundi
1920 3673 2040 3715 non
2073 3654 2261 3740 potuit
2288 3654 2348 3716 in
2377 3653 2598 3718 lumine

507 3755 719 3816 mentis
747 3775 886 3817 snae
917 3755 1117 3816 videre
1148 3763 1246 3815 aut
1290 3752 1816 3838 comprehendere,
1855 3775 1916 3818 se
1957 3754 2015 3816 in
2054 3774 2217 3847 mare
2256 3753 2598 3841 projecerit;

501 3855 642 3939 quid
674 3854 861 3929 idem,
900 3855 945 3918 si
976 3854 1252 3918 voluisset
1284 3853 1635 3918 Inlinitatem
1673 3854 1796 3917 Dei.

660 3958 760 4018 29.
817 3954 892 4017 11.
940 3954 1130 4034 Quon
1160 3955 1357 4029 Deus,
1404 3974 1706 4030 Quoniam
1745 3976 1909 4021 ANTE
1934 3955 2232 4020 MUNDUM
2269 3976 2447 4032 eurr,
2494 3976 2599 4019 ru

497 4076 853 4132 ANTEQUAM
877 4055 1104 4119 SPA‘rrA
1133 4075 1213 4120 ΕΤ
1235 4075 1532 4120 TEMPORA
1561 4076 1724 4119 on'rA
1757 4076 1950 4129 snm,
1994 4056 2313 4121 Inmm‘rus
2340 4078 2450 4121 srr.
2532 4055 2602 4121 In

496 4157 729 4220 Mundo
769 4156 1024 4220 naturali
1069 4165 1203 4221 sunt
1242 4156 1541 4242 Tempora
1582 4165 1640 4220 et
1686 4156 1921 4242 Spatia,
1967 4167 2026 4220 at
2078 4180 2219 4223 vero
2263 4159 2323 4220 in
2370 4156 2599 4222 Mundo

496 4258 800 4347 spirituali
831 4279 947 4324 non
973 4258 1055 4322 ita
1083 4258 1427 4333 actualiter,
1474 4256 1574 4321 sed
1607 4278 1790 4344 nsque
1818 4267 2200 4417 apparentgr:
2235 4255 2392 4342 quod
2422 4255 2603 4318 Tem-

2180 4356 2216 4391 *ἰ
