3309 4775
620 494 726 547 158
844 484 1306 541 UNIVERSA
1350 483 1887 537 THEOLOGI‘A
1935 485 1999 536 N.
2044 483 2090 536 G
2150 485 2260 536 ET
2301 484 2369 539 N.
2409 484 2479 539 E.

611 636 903 726 significat
943 637 1226 703 Divinum
1268 623 1488 705 Verum
1531 637 1759 701 unitum
1789 638 2010 702 Divino
2038 637 2230 702 Bono.
2314 637 2401 702 Ex
2443 637 2535 702 his
2574 639 2730 704 clare

615 748 807 829 patet,
861 740 1022 827 quod
1054 740 1398 803 Humanum
1429 738 1670 804 Domini
1697 738 1770 803 sit
1799 738 2100 803 Divinum.

777 843 920 905 12⁹.
976 840 1153 921 Quod
1183 840 1473 904 Dominus
1512 861 1699 926 usque
1743 839 1816 904 ad
1845 839 2190 904 Passionem
2237 839 2426 903 crucis
2468 839 2727 904 voluerit

614 943 861 1018 tentari,
915 940 1026 1005 fuit
1069 962 1278 1016 causa,
1336 940 1475 1028 qnia
1527 949 1654 1004 erat
1712 938 1843 1028 Ipse
1896 937 2235 1027 Propheta,
2284 949 2342 1002 et
2388 937 2729 1027 Prophetae

616 1042 757 1106 olim
794 1040 1204 1129 significabant
1251 1040 1584 1105 doctrinam
1622 1039 1924 1106 Ecclesiae
1965 1061 2036 1104 ex
2071 1038 2308 1116 Verbo,
2363 1049 2423 1106 et
2460 1039 2597 1103 inde
2638 1062 2727 1105 re·

528 1219 547 1229 -
615 1144 1075 1231 praesentabant
1105 1141 1462 1216 Ecclesiam,
1516 1141 1706 1228 qualis
1743 1141 1842 1206 illa
1887 1141 2025 1217 fuit,
2078 1163 2184 1229 per
2223 1140 2422 1218 varia,
2475 1149 2536 1202 et
2578 1164 2723 1228 quo-

617 1266 732 1330 que
762 1267 866 1331 per
904 1245 1138 1331 iniqua,
1194 1243 1340 1307 dura
1371 1250 1429 1305 et
1459 1262 1697 1329 quoque
1730 1241 1990 1318 nefaria,
2044 1263 2198 1327 quae
2240 1241 2354 1305 illis
2397 1262 2430 1304 a
2471 1242 2603 1306 Deo
2642 1242 2728 1304 in-

617 1345 818 1431 juncta
849 1344 1105 1408 fuerunt.
1186 1343 1477 1408 Dominus
1505 1352 1704 1407 autem
1748 1343 1886 1428 quia
1918 1340 2029 1406 fuit
2057 1341 2246 1430 ipsum
2277 1341 2577 1418 Verbum,
2624 1363 2727 1431 per

613 1443 959 1510 Passionem
1009 1445 1198 1509 crucis
1243 1454 1309 1508 ut
1353 1441 1481 1531 lpse
1528 1442 1832 1531 Propheta
1886 1443 2356 1530 repraesentavit
2399 1441 2723 1507 Ecclesiam

613 1544 965 1621 Judaicam,
1029 1543 1329 1632 quomodo
1383 1543 1479 1607 illa
1533 1545 1723 1632 ipsum
1779 1543 2043 1609 Verbum
2098 1542 2521 1632 prophanarit:
2588 1541 2726 1608 huic

614 1667 831 1711 causae
876 1646 1105 1710 accedit
1142 1644 1328 1720 haec,
1383 1644 1540 1731 quod
1580 1645 1664 1708 sic
1701 1667 1809 1732 pro
1834 1644 2149 1709 Salvatore
2184 1645 2492 1729 utriusque
2516 1644 2727 1711 Mundi

612 1757 1038 1833 agnosceretur
1065 1749 1123 1810 in
1153 1745 1377 1821 Caelis,
1431 1745 1626 1808 omnia
1671 1746 1826 1809 enim
1869 1744 2168 1809 Passionis
2208 1745 2391 1832 Ipsius
2432 1744 2725 1829 significa·
2834 1791 2846 1800 -

613 1848 758 1911 bant
788 1847 927 1911 talia
960 1871 1111 1934 quae
1142 1845 1628 1936 prophanationis
1657 1846 1839 1910 Verbi
1870 1855 2038 1921 sunt,
2091 1855 2148 1907 et
2175 1844 2385 1932 Angeli
2422 1843 2521 1908 illa
2560 1846 2728 1933 spiri-

582 1950 884 2024 tualiter,
938 1947 1077 2011 dum
1106 1949 1376 2012 homines
1406 1945 1704 2011 Ecclesiae
1734 1945 2088 2011 naturaliter
2115 1946 2465 2033 intelligunt.
2546 1947 2725 2027 Quod

611 2048 910 2114 Dominus
935 2047 1113 2113 fuerit
1142 2050 1263 2134 ipse
1291 2047 1592 2133 Propheta
1614 2094 1631 2123 ,
1685 2056 1916 2111 constat
1946 2067 2016 2109 ex
2053 2045 2144 2110 his
2180 2048 2341 2111 locis.
2423 2045 2729 2110 Dominus

613 2147 806 2223 dixit,
861 2173 984 2213 non
1020 2163 1112 2214 est
1136 2148 1481 2213 PROPRETA
1520 2151 1719 2212 minus
1759 2146 2123 2223 honoratus,
2175 2172 2358 2240 quam
2398 2150 2461 2210 in
2505 2146 2725 2214 Patria

612 2272 766 2326 sua,
819 2263 876 2314 et
902 2253 965 2313 in
992 2249 1189 2314 Domo
1221 2273 1369 2326 sua,
1410 2246 1627 2314 Matth.
1666 2247 1846 2312 XIII:
1892 2252 1999 2311 57.
2051 2249 2253 2313 Marc:
2293 2248 2411 2314 VI:
2460 2249 2518 2311 4.
2562 2250 2721 2313 Luc:

615 2347 733 2418 IV:
774 2351 882 2414 24.
938 2349 1127 2415 ,Iesus
1153 2348 1347 2427 dixit,
1395 2373 1516 2415 non
1542 2362 1633 2415 est
1659 2353 2015 2415 conveniens
2049 2348 2449 2415 Pnopnmffl
2486 2352 2727 2416 interire

609 2463 789 2515 extra
840 2451 1367 2538 Hierosolymam,
1419 2450 1558 2515 Luc.
1613 2450 1799 2517 XIlI:
1861 2455 1963 2514 33.
2048 2450 2215 2544 Cepit
2268 2455 2448 2517 timor
2496 2475 2722 2528 omnes,

611 2549 940 2617 laudantes
968 2549 1180 2627 Deum,
1226 2550 1509 2628 dicentes,
1539 2550 1711 2645 quod
1732 2552 2073 2617 PROPRETA
2099 2570 2366 2617 MAGNUS
2393 2556 2724 2617 suscitatus

605 2656 687 2717 sit
715 2651 1069 2729 interillos,
1123 2654 1264 2717 Luc.
1298 2652 1445 2716 Vll:
1495 2658 1591 2717 16.
1667 2654 1974 2718 Dixenmt
2019 2650 2096 2717 de
2136 2651 2319 2728 Jesu,
2374 2651 2519 2718 lm:
2556 2653 2719 2718 Pno-

602 2773 806 2818 ΡΗΕΤΑ
835 2779 877 2819 a
900 2752 1236 2829 Nasaretlz,
1280 2752 1504 2819 Matth:
1543 2749 1724 2819 XXI:
1774 2757 1870 2818 11.
1899 2753 2037 2818 Joh.
2070 2751 2214 2817 Vll:
2247 2757 2349 2817 40.
2381 2755 2484 2818 41.
2538 2754 2724 2838 Quod

606 2854 947 2919 Pnopnnn
992 2860 1365 2921 excitaretur
1401 2879 1435 2919 e
1471 2854 1669 2921 medio
1681 2850 1995 2942 flatrum,
2048 2857 2226 2941 cujus
2262 2854 2469 2920 verbis
2513 2854 2715 2920 obedi-

605 2971 765 3029 rent,
808 2957 1033 3021 Deutr:
1075 2956 1308 3021 XVIII:
1356 2959 1434 3018 15
1468 2956 1543 3020 ad
1579 2960 1677 3019 19.

762 3059 905 3119 130.
961 3058 1138 3138 Quod
1166 3054 1506 3148 Prophetae
1549 3055 2131 3145 repraesentaverint
2166 3063 2384 3119 statum
2415 3055 2722 3120 Ecclesiae

587 3175 744 3217 -suae
774 3156 967 3241 quoad
1005 3159 1332 3221 doctrinam
1364 3177 1396 3220 e
1425 3157 1661 3233 Verbo,
1712 3167 1773 3221 et
1810 3156 2007 3241 quoad
2053 3156 2235 3222 vitam
2281 3157 2606 3220 secundum
2645 3158 2722 3222 it·
2793 3243 2797 3246 Α

603 3251 754 3331 lam,
807 3263 1035 3320 constat
1080 3278 1151 3321 ex
1195 3258 1284 3322 his
1329 3258 1501 3330 locis:
1571 3257 1914 3323 mandatum
1966 3269 2054 3323 est
2099 3258 2311 3345 Esajae
2355 3256 2720 3342 Prophetae,

604 3368 670 3418 ul
697 3352 1048 3419 dissolveret
1070 3381 1312 3422 saccum
1341 3358 1603 3452 desuper
1627 3356 1849 3424 lumbis
1873 3363 2004 3423 suis
2022 3409 2038 3436 ,
2079 3374 2138 3425 et
2164 3358 2427 3424 calceum
2456 3357 2724 3453 desuper

595 3453 755 3547 pede
782 3479 898 3519 suo
914 3505 927 3529 ,
976 3480 1048 3521 ac
1071 3462 1179 3522 iret
1205 3458 1410 3523 nudus
1435 3474 1491 3523 et
1516 3457 1926 3525 discalceatus
1951 3472 2072 3524 tres
2096 3484 2290 3525 annos
2313 3508 2329 3535 ‚
2382 3463 2445 3522 in
2472 3462 2719 3550 signum

601 3570 659 3622 et
674 3553 1061 3648 prodigium,
1102 3559 1274 3643 Esaj:
1318 3559 1465 3623 XX:
1512 3566 1566 3624 2.
1599 3564 1658 3624 3.
1720 3559 2068 3625 Mandatum
2109 3570 2199 3625 est
2231 3559 2522 3626 Ezechieli
2563 3561 2720 3625 Pro-

599 3655 843 3742 phetae,
898 3663 960 3721 ut
988 3668 1460 3745 repraesentaret
1501 3670 1719 3725 statum
1761 3660 2092 3737 Ecclesiae,
2131 3686 2248 3756 per
2283 3659 2453 3753 quod
2482 3658 2718 3742 faceret

599 3780 764 3822 vasa
792 3760 1202 3847 migrationiS,
1256 3775 1312 3825 et
1341 3764 1624 3851 migraret
1670 3759 1956 3826 inlocum
1984 3762 2175 3828 alium
2217 3750 2278 3834 in
2321 3763 2514 3827 oculis
2540 3760 2720 3847 filio-

601 3881 731 3923 rum
759 3857 1048 3936 Israelz'S,
1100 3877 1154 3926 et
1181 3861 1455 3927 educeret
1481 3886 1644 3927 vasa
1672 3861 1932 3927 interdiu
1949 3912 1965 3937 ,
2016 3878 2075 3928 et
2115 3868 2308 3928 exiret
2345 3868 2408 3927 in
2449 3886 2720 3954 vespera

591 3982 707 4050 per
727 3954 1027 4051 effossum
1042 3966 1367 4054 parietem,
1424 3977 1480 4028 et
1504 3964 1798 4052 obtegeret
1803 3961 2020 4050 facies
2048 3979 2112 4029 ut
2155 3989 2277 4030 non
2317 3964 2552 4030 videret
2590 3977 2716 4028 ter·

599 4083 762 4136 ram,
801 4075 858 4125 et
896 4061 1064 4153 quod
1088 4066 1177 4126 sic
1195 4062 1541 4155 prodigium
1579 4077 1737 4128 esset
1778 4061 1989 4127 domui
2022 4063 2319 4139 Israeli‘5‚
2371 4079 2427 4129 et
2468 4065 2718 4140 diceret,

602 4180 732 4223 ecee
786 4184 896 4249 ego
941 4160 1289 4252 prodigium
1332 4175 1638 4248 vestrum,
1692 4162 2200 4254 quemadmodum
2229 4162 2374 4254 fici
2391 4215 2407 4241 ,
2457 4168 2546 4229 sic
2581 4163 2720 4256 fiet

603 4258 819 4335 volvar,
890 4259 1101 4323 Ezech.
1157 4261 1312 4324 XII:
1376 4265 1412 4322 3
1444 4260 1518 4323 ad
1562 4267 1617 4323 7.
1671 4266 1766 4325 11.
1847 4263 2195 4329 Mandatum
2252 4274 2336 4330 est
2392 4264 2718 4329 Hoscheae

608 4356 967 4441 prophetae,
1038 4368 1100 4423 ut
1154 4367 1627 4446 repraesentaret
1691 4369 1905 4425 statum
1963 4364 2299 4440 Ecclesiae,
2368 4390 2484 4460 per
2543 4365 2726 4457 quod
