3309 4775
580 374 656 429 lt.
701 372 1113 427 DOMINUS
1168 373 1755 433 REDEMPTOR.
1805 407 1868 417 -—-
1913 377 2464 432 REDEMPTlo.
2551 391 2653 441 173

537 537 916 615 personatus;
988 538 1047 590 et
1097 526 1234 613 quid
1282 537 1422 592 tunc
1471 528 1697 593 facilius
1742 538 1829 593 est
1875 529 2165 606 Diabolo,
2231 553 2413 618 quam
2461 532 2657 598 facere

536 629 690 694 sicut
737 628 989 703 dicitur,
1044 627 1240 691 divide
1286 638 1344 691 et
1386 628 1648 716 impera,
1702 628 1817 692 boc
1861 641 1981 705 est,
2038 631 2365 697 discindere
2407 634 2656 713 animos,

536 740 598 793 et
647 729 904 791 excitare
959 737 1151 801 motus
1197 729 1476 804 rebelles,
1530 751 1690 795 nunc
1736 742 1944 796 contra
1985 753 2165 795 unum
2215 734 2440 809 Deum,
2494 757 2654 800 nunc

538 838 748 893 contra
793 829 1079 903 alterum,
1124 831 1627 915 quemadmodum
1684 829 1759 895 ab
1810 831 1936 897 Arii
1991 841 2256 919 tempore
2302 835 2419 900 huc
2467 857 2653 922 usque

537 927 763 994 factum
793 939 913 1004 est,
966 938 1025 992 et
1052 929 1135 993 sic
1162 930 1481 994 Dominum
1513 931 1705 995 Deum
1733 932 2105 998 Salvatorem
2127 981 2142 1008 ,
2196 934 2304 999 Cui
2345 946 2434 1002 est
2462 937 2656 1002 omnis

540 1039 803 1117 potestas
852 1030 913 1094 in
959 1030 1138 1094 Caelo
1195 1040 1252 1093 et
1293 1031 1523 1107 Terra,
1582 1030 1808 1097 Mattb:
1862 1033 2155 1098 XXVIII:
2221 1040 2319 1098 18.
2398 1025 2658 1123 dejicere⁴

539 1153 573 1194 e
623 1131 907 1205 Throno,
978 1141 1036 1194 et
1091 1131 1388 1215 quendam
1441 1156 1613 1197 suum
1669 1134 1958 1198 Clientem
2012 1136 2526 1224 superimponere,
2599 1148 2656 1202 et

541 1231 681 1296 huic
711 1232 931 1295 cultum
962 1230 1267 1307 addicere,
1323 1243 1425 1297 aut
1455 1234 1710 1310 cultum,
1764 1235 1905 1320 quia
1945 1233 2115 1310 huic,
2172 1238 2348 1301 etiam
2389 1238 2493 1324 ipsi
2535 1239 2657 1304 Do·

544 1332 708 1398 mino
740 1331 1014 1396 adimere.

1333 1457 1855 1501 *****

756 1639 897 1701 134.
979 1636 1089 1700 His
1149 1636 1501 1722 adjicientur
1559 1637 1711 1700 baec
1776 1620 2272 1702 ΜΕΜοιὲΑΒιιιΑε
2346 1637 2652 1707 Primum:

544 1737 865 1820 Quondam
913 1737 1127 1802 intravi
1172 1737 1487 1826 Templum
1536 1737 1596 1800 in
1642 1737 1871 1802 Mundo
1924 1737 2264 1823 spirituum,
2317 1739 2420 1802 ubi
2462 1740 2657 1826 plures

541 1847 721 1902 erant
750 1840 1127 1924 congregati,
1182 1848 1241 1901 et
1275 1847 1412 1901 ante
1443 1837 1802 1902 Conciouem
1846 1838 2001 1902 inter
2038 1861 2100 1903 se
2141 1839 2474 1903 ratiocinati
2517 1851 2656 1906 sunt

540 1939 621 2003 de
651 1939 1128 2005 Rarum-mun.
1185 1938 1501 2026 Templum
1542 1948 1669 2001 erat
1712 1939 2100 2024 quadratum,
2154 1947 2210 2002 et
2253 1961 2371 2004 non
2420 1940 2651 2025 aliquae

539 2039 841 2115 fenestrae
889 2038 948 2101 in
991 2038 1345 2127 parietibus,
1396 2039 1498 2102 sed
1544 2059 1760 2124 magna
1808 2049 2088 2125 apertura
2127 2061 2304 2126 supra
2353 2040 2409 2102 in
2458 2042 2653 2106 medio

540 2140 719 2216 tecti,
773 2160 879 2225 per
928 2161 1106 2225 quam
1160 2139 1260 2201 lux
1315 2161 1347 2203 e
1403 2138 1584 2204 Caelo
1637 2140 1932 2214 intrabat,
1984 2147 2044 2202 et
2089 2141 2218 2228 plus
2262 2140 2652 2215 illuminabat,

541 2261 727 2326 quam
777 2241 821 2304 si
880 2240 1124 2305 fuissent
1176 2238 1469 2304 fenestrae
1516 2261 1548 2304 a
1590 2234 1901 2305 lateribus:
1955 2249 2015 2303 et
2060 2261 2198 2304 ecce
2236 2240 2462 2315 subito,
2518 2264 2650 2305 cum

540 2342 608 2406 in
635 2342 1128 2407 sermocinatione
1171 2340 1242 2405 de
1287 2340 1722 2427 Redemptione
1771 2349 1978 2416 erant,
2030 2341 2241 2407 Nub'es
2284 2350 2411 2407 atra
2452 2363 2486 2407 e
2523 2363 2654 2431 sep-

539 2441 843 2506 tentrione
870 2441 1097 2505 alluens
1126 2441 1347 2505 obtexit
1375 2451 1750 2529 aperturam,
1779 2441 1938 2505 unde
1968 2442 2249 2506 tenebrae
2277 2441 2470 2506 factae
2498 2452 2655 2519 sunt,

541 2552 760 2608 utnon
787 2541 1017 2609 videret
1046 2562 1197 2606 unus
1223 2542 1507 2618 alterum,
1561 2552 1621 2605 et
1663 2543 1760 2604 vix
1800 2541 2110 2628 quisquam
2154 2540 2410 2629 palmam
2450 2563 2654 2615 suam;
2709 2621 2716 2632 ι

543 2665 686 2707 cum
726 2652 966 2730 propter
1006 2641 1123 2706 boc
1160 2640 1552 2727 obstupefacti
1598 2651 1925 2717 steterunt,
1980 2664 2119 2706 ecce
2158 2652 2289 2706 atra
2329 2641 2428 2706 illa
2466 2643 2655 2707 nubes

520 2743 884 2810 'findebatur
911 2743 971 2804 in
999 2741 1195 2806 medio
1217 2792 1231 2815 ‚
1286 2753 1344 2806 et
1374 2763 1479 2830 per
1506 2740 1774 2806 fissuram
1810 2742 1914 2808 visi
1946 2751 2084 2808 sunt
2114 2741 2310 2828 angeli
2352 2741 2585 2807 demissi
2622 2763 2656 2806 e

545 2844 767 2919 Caelo,
818 2853 876 2907 et
904 2844 963 2905 hi
991 2843 1231 2908 Nubem
1260 2842 1337 2907 ab
1365 2854 1618 2929 utraque
1647 2853 1813 2930 parte
1850 2843 2282 2918 discusserunt,
2334 2862 2407 2906 ex
2435 2863 2554 2928 quo
2592 2843 2656 2905 in

543 2944 809 3030 Templo.
829 2943 1040 3008 iterum
1071 2942 1292 3007 factum
1325 2954 1410 3008 est
1438 2942 1821 3015 luminosum;
1874 2952 1933 3006 et
1975 2953 2117 3007 tunc
2159 2940 2368 3029 Angeli
2408 2941 2656 3007 demise-

542 3054 690 3109 runt
731 3066 913 3108 unum
955 3067 1024 3108 ex
1065 3066 1128 3108 se
1171 3044 1230 3106 in
1276 3043 1626 3130 Templum,
1681 3042 1780 3128 qui
1828 3043 1956 3107 vice
1998 3064 2205 3107 eorum
2248 3043 2657 3128 interrogabat

545 3156 975 3230 congregatos,
1030 3145 1103 3206 de
1157 3165 1273 3230 qua
1328 3165 1392 3209 re
1446 3139 1844 3219 contendunt,
1899 3142 2179 3229 quoniam
2234 3152 2355 3208 tam
2401 3143 2656 3207 obscura

543 3245 757 3311 Nubes
799 3244 1221 3333 superveniens
1258 3245 1491 3309 sustulit
1535 3244 1764 3316 lucem,
1819 3253 1877 3306 et
1923 3245 2149 3308 induxit
2194 3243 2505 3316 tenebras;
2561 3264 2656 3306 re·

544 3347 946 3432 sponderunt,
999 3345 1157 3431 quod
1188 3345 1260 3409 de
1293 3345 1759 3432 Redemptione,
1812 3354 1869 3406 et
1911 3345 2069 3430 quod
2116 3343 2263 3408 baec
2308 3343 2463 3408 facta
2505 3343 2580 3407 sit
2620 3363 2655 3407 a

550 3445 703 3510 Filio
730 3446 842 3511 Dei
891 3468 996 3532 per
1022 3447 1361 3510 Passionem
1393 3446 1616 3520 crucis,
1670 3454 1728 3508 et
1769 3445 1926 3532 quod
1968 3466 2074 3530 per
2111 3444 2271 3508 illam
2312 3443 2657 3530 expiaverit,

550 3554 610 3609 et
642 3547 986 3611 liberaverit
1013 3544 1214 3611 Genus
1240 3546 1564 3609 humanum
1597 3566 1631 3608 a
1659 3545 2040 3609 damnatione
2070 3553 2129 3608 et
2157 3553 2346 3608 morte
2388 3552 2658 3616 aeterna;

542 3647 650 3712 sed
679 3647 752 3710 ad
782 3647 932 3712 baec
961 3646 1102 3710 dixit
1129 3644 1394 3732 Angelus
1421 3647 1735 3721 demissus,
1772 3646 1913 3730 quid
1946 3666 2051 3731 per
2078 3643 2420 3710 Passionem
2451 3644 2660 3720 crucis,

546 3751 822 3833 exponite
852 3769 958 3810 cur
986 3768 1089 3834 per
1122 3746 1314 3818 illam;
1367 3756 1425 3809 et
1468 3755 1613 3810 tunc
1636 3745 1930 3810 Sacerdos
1964 3745 2162 3820 venit,
2215 3752 2274 3806 et
2316 3744 2489 3820 dixit,
2544 3764 2657 3830 ego

541 3868 838 3935 exponam
868 3848 926 3910 in
955 3847 1138 3922 serie,
1193 3868 1343 3934 quae
1369 3846 1584 3911 seimus
1612 3855 1672 3909 et
1708 3846 2029 3921 credimus,
2083 3866 2237 3931 quae
2278 3853 2443 3924 sunt,
2497 3841 2659 3930 quod

542 3947 715 4013 Deus
747 3949 932 4014 Pater
969 3945 1152 4012 irat'us
1190 3958 1398 4012 contra
1425 3944 1628 4011 Genus
1664 3945 2019 4026 humanum,
2074 3944 2447 4012 damnaverit
2483 3942 2659 4019 Illud,

542 4056 608 4110 et
638 4069 669 4111 a
702 4048 1011 4112 clementia
1039 4070 1144 4113 sua
1174 4047 1519 4121 excluserit,
1575 4055 1633 4109 et
1663 4045 2059 4110 declaraverit
2092 4065 2296 4109 omnes
2322 4044 2571 4108 devotos
2596 4050 2659 4106 et

544 4149 927 4226 maledictos»,
981 4158 1039 4212 et
1085 4148 1373 4214 addixerit
1406 4146 1681 4220 Inferum
1736 4155 1795 4209 et
1836 4145 1996 4233 quod
2047 4145 2332 4218 voluerit,
2384 4153 2447 4208 ut
2476 4141 2660 4208 Filius

544 4249 736 4336 Ipsius
764 4249 1208 4315 damnationem
1238 4248 1399 4315 illam
1428 4248 1486 4311 in
1516 4269 1579 4312 se
1615 4246 1980 4337 susciperet,
2021 4255 2079 4311 et
2121 4243 2278 4334 quod
2313 4243 2508 4309 Filius
2552 4263 2659 4307 an-
