3309 4775
969 397 1040 450 11.
1122 397 1537 452 DOMINUS
1578 399 2161 456 REDEMPTOR.
2520 414 2626 462 159

510 551 719 616 omnia
748 560 1063 639 praecepta
1092 551 1238 625 Dei,
1291 551 1439 615 haec
1466 552 1760 617 Dominus
1786 553 1858 616 ad
1891 573 2125 616 omnem
2155 554 2381 638 apicem
2422 553 2627 642 imple-

506 651 621 727 vit,
656 662 715 715 et
741 652 825 716 sic
850 673 914 715 se
944 652 1081 715 fecit
1108 652 1545 738 receptamlum
1573 653 1914 717 Divinitatis
1942 654 2003 716 in
2036 654 2195 716 omui
2228 654 2623 741 plenitudine;

506 772 702 840 quare
741 751 964 816 Paulus
997 753 1170 827 dicit,
1224 753 1383 839 quod
1425 751 1484 814 in
1526 753 1675 816 Jesu
1703 754 1937 819 Christo
1965 755 2157 819 omnis
2188 753 2491 842 plenitudo
2519 755 2627 820 Di-

504 853 778 920 vinitatis
821 853 1046 917 habitet
1090 852 1510 940 corporaliter,
1562 863 1621 916 et
1668 854 1799 940 Ipse
1844 855 2169 931 Dominus,
2213 855 2373 941 quod
2421 858 2620 920 omnia

507 953 709 1018 Patris
736 954 853 1018 sint
883 953 1085 1040 Ipsius.
1155 953 1418 1018 Ulterius
1448 954 1766 1018 tenendum
1799 966 1918 1033 est,
1960 956 2119 1043 quod
2151 952 2442 1020 Dominus
2468 957 2624 1043 apud

506 1053 814 1118 homiuem
842 1055 1003 1119 solus
1030 1055 1259 1119 activus
1285 1055 1391 1130 sit,
1444 1061 1503 1115 et
1531 1055 1690 1139 quod
1720 1054 1901 1119 homo
1942 1078 2015 1120 ex
2050 1077 2115 1121 se
2160 1076 2321 1135 mere
2361 1056 2625 1143 passivus

505 1154 616 1231 sit,
672 1164 735 1217 at
767 1154 925 1241 quod
969 1176 1074 1242 per
1114 1152 1400 1219 influxum
1438 1153 1597 1218 vitae
1642 1177 1677 1219 a
1717 1155 1977 1221 Domino
2016 1157 2196 1220 etiam
2238 1156 2498 1229 activus;
2552 1178 2624 1221 ex

508 1254 628 1320 hoc
657 1265 941 1343 perpetuo
970 1254 1195 1319 influxu
1223 1277 1255 1320 a
1285 1253 1545 1321 Domino
1574 1266 1819 1344 apparet
1858 1256 2079 1322 homini
2119 1258 2270 1321 sicut
2296 1257 2365 1320 sit
2397 1258 2626 1323 activus

509 1376 588 1420 ex
614 1377 710 1430 se;
763 1365 822 1421 et
849 1355 986 1441 quia
1016 1358 1096 1420 ita
1126 1366 1244 1431 est,
1295 1365 1355 1419 et
1399 1354 1453 1418 ei
1495 1354 1746 1421 liberum
1790 1358 2100 1423 arbitrium
2146 1366 2261 1430 est,
2318 1367 2375 1420 et
2420 1356 2533 1420 hoc
2570 1357 2624 1421 ei

511 1456 717 1521 datum
749 1466 835 1520 est
865 1467 928 1520 ut
955 1466 1142 1521 semet
1171 1466 1338 1545 paret
1376 1454 1450 1521 ad
1490 1457 1891 1544 recipiendum
1924 1457 2279 1530 Dominum,
2329 1467 2387 1520 et
2426 1458 2509 1523 sic
2549 1456 2624 1520 ad

511 1558 1032 1644 conjunctionem,
1084 1579 1235 1645 quae
1292 1578 1412 1623 non
1467 1556 1680 1623 dabilis
1724 1567 1841 1634 est,
1894 1558 2003 1621 nisi
2050 1559 2121 1622 sit
2168 1558 2510 1645 reciproca,
2565 1568 2624 1621 et

509 1659 816 1744 reciproca
857 1657 919 1721 fit
961 1659 1100 1722 dum
1142 1657 1325 1724 homo
1366 1678 1437 1721 ex
1473 1679 1582 1723 suo
1623 1658 1813 1723 libero
1855 1659 2009 1746 agit,
2061 1668 2120 1721 et
2161 1667 2359 1721 tamen
2400 1679 2470 1722 ex
2508 1656 2623 1722 fide

508 1758 786 1823 attribuit
814 1759 1072 1824 Domino
1102 1781 1276 1822 omne
1306 1758 1586 1823 activum.

668 1859 812 1923 Post
843 1859 991 1925 haec
1018 1860 1420 1946 interrogavi,
1473 1880 1617 1922 num
1642 1859 1740 1923 ille
1766 1859 1917 1924 sicut
1945 1860 2043 1924 alii
2077 1861 2203 1945 ejus
2227 1858 2457 1924 sodales
2486 1880 2625 1922 con—

511 1958 702 2025 fessus
743 1968 863 2035 est,
916 1960 1075 2047 quod
1121 1961 1285 2025 Deus
1330 1980 1483 2024 unus
1526 1961 1632 2034 sit,
1689 1961 2022 2048 respondit,
2075 1961 2233 2044 quod
2290 1958 2622 2033 confessus;

511 2070 573 2123 et
611 2070 753 2124 tuuc
795 2061 941 2137 dixi,
997 2073 1058 2124 at
1105 2082 1358 2135 vereor,
1413 2061 1569 2147 quod
1610 2062 1806 2126 cordis
1845 2061 1929 2124 tui
1973 2062 2260 2125 confessio
2306 2060 2410 2136 sit,
2465 2062 2625 2146 quod

511 2161 710 2225 nullus
733 2160 896 2226 Deus
921 2166 1028 2237 sit,
1080 2182 1298 2224 numne
1341 2162 1532 2226 omnis
1557 2162 1795 2247 loquela
1838 2163 1959 2226 oris
1988 2162 2252 2251 procedit
2287 2181 2363 2224 ex
2405 2161 2626 2248 cogita-

511 2260 674 2327 tione
704 2262 945 2337 mentis,
997 2284 1182 2349 quare
1210 2283 1329 2325 non
1363 2270 1554 2347 potest
1582 2263 1788 2338 aliter,
1846 2284 2023 2349 quam
2063 2273 2126 2326 ut
2152 2260 2443 2326 confessio
2487 2263 2627 2336 oris,

511 2361 675 2450 quod
706 2383 859 2428 unus
883 2363 1046 2429 Deus
1072 2363 1180 2440 sit,
1235 2363 1486 2450 expellat
1533 2363 1950 2450 cogitationem
1994 2385 2025 2428 e
2072 2372 2269 2428 mente
2307 2363 2466 2449 quod
2508 2372 2629 2427 tres

509 2464 666 2539 sint,
719 2484 791 2527 ac
817 2464 1072 2531 vicissim
1102 2464 1264 2551 quod
1293 2463 1573 2549 cogitatio
1613 2466 1826 2528 mentis
1863 2464 2115 2551 expellat
2154 2486 2225 2529 ex
2264 2486 2368 2528 ore
2399 2463 2628 2528 confes-

508 2565 736 2629 sionem
784 2564 943 2652 quod
988 2586 1138 2629 unus
1175 2566 1279 2639 sit,
1334 2565 1473 2650 quid
1517 2565 1654 2628 inde
1702 2566 1951 2629 resultat
1991 2565 2182 2640 aliud,
2238 2586 2414 2653 quam
2465 2565 2623 2650 quod

510 2663 721 2729 nullus.
743 2665 907 2730 Deus
935 2666 1038 2741 sit,
1091 2685 1311 2730 numne
1338 2665 1422 2728 sic
1446 2674 1774 2729 evacuatur
1802 2688 1975 2729 omne
2005 2665 2382 2731 interstitium
2403 2710 2418 2738 ,
2463 2663 2623 2749 quod

511 2773 601 2829 est
629 2786 665 2828 a
695 2765 1052 2851 cogitatione
1094 2767 1168 2829 ad
1215 2789 1311 2841 os,
1365 2775 1424 2828 et
1462 2766 1541 2829 ab
1579 2788 1682 2829 ore
1726 2774 1889 2830 retro
1931 2766 2004 2829 ad
2053 2766 2511 2851 cogitationem,
2564 2774 2624 2827 et

513 2864 653 2952 quid
682 2874 822 2928 tunc
847 2888 880 2931 a
913 2874 1109 2930 mente
1142 2867 1298 2931 aliud
1343 2866 1715 2930 concluditur
1756 2867 1829 2928 de
1870 2867 2030 2940 Deo,
2087 2888 2263 2952 quam
2299 2866 2456 2951 quod
2498 2863 2625 2929 Na-

510 2974 647 3030 tu'ra
675 2966 750 3030 sit
776 2967 970 3042 Deus,
1025 2977 1084 3031 et
1112 2968 1186 3030 de
1212 2968 1472 3032 Domino
1502 2967 1662 3052 quod
1691 2964 1904 3030 Anima
1935 2965 2052 3054 Ipsi
2092 2968 2184 3030 vel
2229 2987 2262 3031 a
2292 2966 2487 3029 Matre
2531 2964 2622 3029 vel

510 3086 544 3130 a
572 3066 839 3151 Josepho
866 3067 1076 3140 fuerit;
1132 3089 1166 3133 a
1195 3068 1410 3153 quibus
1439 3066 1704 3140 duobus,
1754 3076 1818 3129 ut
1845 3067 1923 3131 ab
1949 3066 2260 3131 horrendis
2302 3076 2360 3129 et
2397 3065 2624 3130 abomi-

508 3167 840 3244 nabilibus,
894 3189 1101 3232 omnes
1126 3167 1338 3254 Angeli
1382 3168 1530 3231 caeli
1557 3187 1620 3231 se
1653 3176 1946 3231 avertunt.
2031 3168 2143 3231 His
2184 3168 2384 3240 dictis,
2440 3166 2623 3254 Spiri-

511 3277 603 3331 tus
628 3267 725 3330 ille
755 3268 1065 3356 ablegatus
1092 3279 1179 3333 est
1215 3270 1276 3332 in
1304 3265 1633 3357 Abyssum‚
1690 3266 1763 3330 de
1803 3289 1919 3354 qua
1968 3268 2028 3330 in
2073 3266 2430 3356 Apocalypsi
2478 3267 2620 3351 Cap.

512 3367 628 3431 lx:
677 3372 716 3431 2
755 3389 875 3456 seq.
932 3369 1030 3432 ubi
1059 3367 1270 3455 Angeli
1300 3369 1592 3433 Draconis
1622 3369 1909 3431 ventilant
1937 3370 2186 3457 mystica
2216 3370 2288 3432 de
2322 3390 2425 3432 sua
2456 3367 2619 3430 Fide.

510 3467 802 3534 Postridie
833 3491 965 3533 cum
1001 3469 1268 3555 prospexi
1296 3468 1369 3532 ad
1400 3469 1651 3532 eundem
1701 3468 1930 3544 locum,
1977 3469 2092 3532 vidi
2136 3469 2269 3533 loco
2290 3468 2619 3532 *Tentorio-

508 3590 637 3633 rum
662 3569 810 3633 duas
835 3570 1079 3634 Statuas
1114 3571 1174 3632 in
1213 3568 1593 3634 similitudine
1632 3567 1978 3645 hominum,
2031 3568 2217 3634 factas
2259 3590 2329 3631 ex
2377 3568 2621 3656 pulvere

510 3678 736 3744 terrae,
788 3691 943 3756 quae
971 3681 1099 3734 erat
1141 3669 1377 3734 miscela
1410 3667 1741 3757 sulphuris,
1792 3668 1934 3733 ferri
1978 3676 2038 3730 et
2075 3669 2353 3754 argillae,
2405 3677 2464 3730 et
2505 3688 2621 3731 una
2721 3742 2727 3748 ¹

507 3768 715 3834 Statua
759 3770 887 3835 visa
932 3780 1020 3834 est
1062 3769 1284 3834 babere
1336 3781 1632 3856 sceptrum
1679 3770 1738 3831 in
1787 3790 1967 3833 manu
2010 3769 2281 3844 sinistra,
2337 3788 2619 3833 coronam

507 3889 682 3955 super
709 3870 934 3958 capite,
989 3881 1048 3934 et
1086 3871 1301 3935 librum
1344 3870 1403 3933 in
1445 3891 1623 3934 manu
1667 3869 1906 3944 dextra,
1960 3878 2082 3932 tum
2126 3869 2426 3956 pectorale
2472 3866 2622 3930 obli-

508 3991 622 4054 que
668 3970 927 4035 ciuctum
976 3970 1158 4036 fascia
1207 3993 1278 4035 ex
1324 3969 1618 4056 lapidibus
1664 3969 1964 4054 pretiosis,
2018 3978 2077 4031 et
2124 3991 2156 4032 a
2203 3979 2376 4053 tergo
2420 3977 2622 4053 togam

509 4067 788 4135 fluentem
839 4072 911 4137 ad
964 4071 1212 4136 alteram
1260 4071 1563 4147 Statuam,
1625 4068 1728 4133 sed
1776 4067 1927 4133 haec
1965 4068 2212 4134 Statuae
2254 4070 2336 4133 illi
2381 4068 2621 4132 inducta

507 4168 744 4236 fuerunt
775 4193 882 4260 per
908 4171 1313 4260 phantasiam;
1366 4181 1423 4237 et
1453 4181 1593 4236 tunc
1622 4190 1739 4234 vox
1768 4170 1968 4234 audita
1998 4179 2086 4234 est
2111 4169 2246 4233 inde
2287 4190 2320 4233 a
2361 4168 2620 4254 quodam

508 4268 878 4349 Draconico,
928 4270 1077 4337 haec
1103 4273 1315 4337 Statua
1358 4277 1766 4361 repraesentat
1808 4269 2012 4335 Fidem
2054 4275 2317 4334 nostram
2350 4278 2409 4331 ut
2439 4267 2640 4350 Regi»
2759 4311 2764 4318 .
