3309 4775
1024 390 1126 446 111.
1189 369 1621 444 smnl'rus‘
1660 392 2088 448 samorus.
2518 409 2621 458 195

508 565 691 630 super
738 552 934 606 monte
971 542 1204 617 Sionis,
1263 540 1450 630 Apoc.
1498 542 1676 609 XlV:
1720 543 1781 621 1,
1842 555 1903 608 et
1944 542 2144 618 alibi;‚
2172 547 2301 633 quis
2337 569 2459 613 non
2496 550 2623 627 scit,

503 630 674 730 'quod
704 643 990 727 Dominus
1018 664 1140 705 non
1168 641 1344 709 fuerit
1373 644 1471 708 ille
1488 640 1735 730 Agnus,
1777 666 1972 733 neque
1999 647 2055 709 in
2085 644 2290 733 Agno,
2330 648 2432 712 sed
2464 650 2624 738 quod

506 744 717 829 Agnus
744 753 894 809 esset
921 743 1386 830 repraesentatio
1429 744 1807 809 innocentiae
1848 746 2070 834 Ipsius;
2124 747 2259 811 inde
2301 749 2494 813 elucet
2531 774 2625 817 er-

505 867 614 910 ror
640 845 874 909 illorum
897 892 914 919 ‚
966 845 1068 930 qui
1098 858 1170 907 ex
1198 843 1488 908 Columba
1532 845 1655 910 visa
1696 866 1875 931 super
1903 846 2162 910 Domino
2196 870 2326 912 cnm
2359 850 2622 941 baptiza-

507 947 723 1020 batur,
776 956 834 1008 et
876 964 946 1007 ex
991 966 1136 1006 voce
1167 967 1199 1007 e
1229 944 1411 1009 Caelo
1452 944 1655 1010 audita
1701 955 1877 1022 tunc,
1928 947 2051 1011 Hic
2090 963 2179 1014 est
2217 949 2421 1015 Filius
2456 976 2633 1027 meus⁴

505 1045 794 1119 dilectus,
851 1055 974 1108 tres
1017 1045 1312 1110 Personas
1356 1044 1665 1111 Trinitatis
1711 1047 2027 1111 deducunt.
2110 1048 2286 1129 Quod
2332 1051 2623 1120 Dominus

506 1140 807 1209 hominem
855 1155 1166 1230 regeneret
1215 1167 1318 1231 per
1363 1145 1536 1209 fidem
1583 1155 1641 1210 et
1688 1145 2069 1227 charitatem,
2127 1149 2471 1237 intelligitur
2515 1175 2620 1241 per

508 1245 625 1308 hoc
651 1246 807 1334 quod
833 1244 1144 1337 Johannes
1179 1245 1445 1332 Baptista
1490 1246 1665 1323 dixit,
1718 1248 1860 1337 Ego
1895 1271 2014 1312 vos
2049 1246 2307 1341 *baptizo
2343 1275 2509 1345 aqua
2555 1258 2618 1318 in

499 1351 969 1438 paenitentiam,
1022 1349 1130 1436 qui
1162 1369 1311 1411 vero
1331 1359 1477 1438 post
1506 1371 1598 1411 me
1623 1362 1920 1412 venturus
1959 1363 2080 1423 est,
2138 1348 2245 1415 ille
2288 1352 2620 1444 baptizabit

505 1447 770 1512 Smm'ru
795 1449 1071 1521 Saltem,
1126 1461 1182 1511 et
1212 1450 1378 1536 igne,
1434 1446 1649 1512 Matth.
1686 1448 1810 1512 111:
1867 1452 1965 1511 11.
2019 1450 2202 1513 Marc.
2246 1450 2305 1515 I:
2355 1456 2414 1515 8.
2473 1453 2613 1518 Luc.

509 1547 637 1609 111:
689 1552 796 1619 16;
855 1548 1151 1634 baptizare
1177 1548 1397 1633 Spiritu
1426 1546 1644 1610 Sancto
1676 1557 1734 1610 et
1765 1549 1938 1636 igne,
1990 1559 2076 1612 est
2119 1570 2473 1636 regenerare
2513 1575 2619 1642 per

508 1648 794 1710 Divinum
823 1649 1044 1716 Verum
1077 1648 1231 1732 qnod
1262 1657 1348 1711 est
1376 1645 1541 1723 fidei,
1598 1657 1654 1710 et
1703 1670 1808 1735 per
1853 1648 2131 1722 Divinum
2180 1649 2413 1714 Bonum
2455 1654 2616 1741 quod

505 1757 597 1810 est
622 1747 944 1813 charitatis.
996 1747 1226 1810 'Simile
1256 1747 1618 1833 significatur
1644 1770 1751 1834 per
1777 1747 1925 1812 haec
1956 1751 2136 1814 verba
2169 1750 2430 1828 Domini,
2468 1751 2621 1818 Nisi

502 1852 643 1937 quis
676 1863 998 1937 generatus
1015 1843 1222 1934 fuerit
1261 1872 1422 1940 aqua
1464 1863 1520 1913 et
1559 1852 1678 1942 spir
1694 1853 1777 1921 itu
1793 1897 1811 1924 ,
1876 1874 1999 1914 non
2033 1864 2235 1942 potest
2275 1851 2518 1943 ingredi
2551 1856 2614 1918 in

503 1948 784 2037 Regnum
809 1949 959 2024 Dei,
1008 1948 1146 2012 Joh.
1179 1947 1299 2010 111:
1349 1955 1421 2025 5,
1475 1971 1578 2036 per
1617 1971 1831 2035 aquam
1875 1949 1971 2013 hic
2010 1960 2071 2013 ut
2111 1950 2253 2015 alibi
2290 1952 2349 2015 in
2389 1953 2612 2031 Verbo,

499 2048 872 2133 significatur
896 2070 1102 2113 verum
1133 2049 1194 2111 in
1222 2048 1476 2112 naturali
1517 2071 1619 2112 seu
1662 2059 1905 2113 externo
1933 2049 2201 2127 homine,
2254 2061 2314 2115 et
2353 2073 2460 2141 per
2496 2053 2615 2140 spi-

499 2150 686 2213 ritum
714 2171 919 2212 verum
951 2171 1021 2212 ex
1051 2150 1207 2213 bono
1236 2150 1295 2211 in
1323 2150 1607 2236 spirituali
1636 2172 1741 2214 seu
1768 2150 2017 2214 interno.

662 2253 807 2313 145.
863 2251 1042 2314 Nunc
1085 2250 1221 2335 quia
1264 2249 1554 2327 Dominus
1593 2260 1680 2314 est
1720 2252 1906 2336 ipsum
1953 2252 2232 2315 Divinum
2276 2251 2497 2321 Verum
2528 2249 2614 2318 ‘ex

499 2350 729 2415 Divino
764 2349 966 2426 Bono,
996 2358 1078 2413 *et
1115 2350 1230 2414 hoc
1270 2360 1356 2414 est
1395 2351 1516 2439 ipsa
1561 2350 1826 2415 Essentia
1870 2351 2094 2440 Ipsius,
2148 2361 2207 2415 et
2247 2353 2497 2440 quisque
2538 2375 2611 2419 ex

497 2451 773 2515 Essentia
802 2474 910 2517 sua
938 2452 1059 2537 agit
1089 2452 1242 2539 quod
1277 2451 1433 2537 agit,
1488 2460 1748 2527 constat,
1805 2451 1960 2537 quod
2004 2452 2300 2517 Dominus
2333 2455 2610 2517 continue

499 2552 681 2628 velit,
728 2572 837 2615 nec
877 2552 1055 2638 possit
1095 2551 1253 2615 alind
1297 2552 1484 2626 velle,
1536 2572 1714 2636 qnam
1758 2551 2109 2635 implantare
2150 2558 2355 2616 verum
2400 2562 2463 2617 et
2506 2553 2612 2617 bo·

498 2675 681 2729 num,
733 2674 837 2717 seu
866 2650 1040 2716 fidem
1071 2661 1129 2713 et
1165 2649 1547 2726 charitatem,
1603 2652 1790 2716 euivis
1829 2650 2071 2716 homini.
2154 2652 2290 2716 Hoc
2328 2652 2610 2717 illustrari

498 2762 701 2838 potest
728 2774 799 2815 ex
827 2754 1022 2816 multis
1058 2751 1117 2815 in
1158 2751 1417 2824 Mundo,
1474 2761 1538 2815 ut
1580 2773 1654 2813 ex
1700 2748 1822 2827 his,
1876 2753 2035 2836 quod
2083 2752 2272 2816 omnis
2309 2751 2490 2816 homo
2537 2774 2609 2817 ex

495 2853 756 2917 essentia
799 2839 904 2917 sua
952 2852 1125 2927 velit,
1178 2843 1236 2914 et
1282 2852 1533 2937 cogitet,
1587 2861 1646 2914 et
1687 2861 1973 2937 quantum
2012 2851 2176 2928 licet,
2229 2851 2510 2939 loquatur
2549 2863 2610 2917 et
2675 2872 2678 2874 ’

495 2962 674 3038 agat,
731 2962 796 3017 ut
823 2976 927 3040 pro
955 2952 1261 3039 exemplo,
1308 2950 1488 3015 homo
1529 2949 1715 3016 fidelis
1749 2951 1969 3035 cogitat
2010 2961 2068 3015 et
2111 2951 2360 3016 intendit
2391 2951 2606 3029 fidelia,

492 3052 682 3117 homo
723 3053 1034 3128 honestuS,
1089 3051 1342 3140 probus,
1399 3052 1527 3137 pius
1566 3060 1624 3113 et
1673 3050 2013 3137 religiosus,
2066 3051 2342 3129 honesta,
2398 3052 2607 3140 proba,

495 3152 597 3239 pia
628 3164 687 3217 et
717 3153 1019 3237 religiosa,
1071 3163 1130 3216 et
1159 3152 1408 3216 vicissim
1450 3151 1628 3215 homo
1665 3150 1988 3226 fastuosus,
2040 3159 2294 3228 astutus,
2349 3152 2606 3230 dolosus,

493 3274 756 3327 avarus,
809 3253 946 3340 talia
992 3274 1145 3339 quae
1189 3272 1319 3315 cum
1365 3252 1612 3315 essentia
1659 3274 1763 3315 sua
1808 3272 1989 3314 unum
2035 3249 2288 3323 faciunt;
2340 3249 2606 3318 hariolus

493 3373 622 3415 non
663 3352 789 3420 vult
829 3353 936 3416 nisi
983 3352 1295 3425 hariolari;
1349 3363 1408 3414 et
1453 3352 1665 3415 stultus
1707 3372 1829 3415 non
1874 3351 1983 3415 nisi
2026 3372 2203 3438 quam
2252 3352 2602 3417 contra'illa

493 3473 654 3538 quae
681 3451 1004 3540 sapientiae
1033 3463 1198 3527 sunt,
1251 3451 1509 3539 garrire-3
1567 3452 1783 3529 verbe,
1836 3450 2096 3537 Angelus
2140 3473 2261 3515 non
2307 3451 2495 3518 volvit
2543 3462 2602 3516 et

386 3541 395 3549 ’
491 3551 745 3618 molitur
789 3552 901 3617 nisi.
946 3552 1248 3626 caelestia,
1303 3561 1364 3614 et
1407 3551 1678 3615 diabolus
1723 3573 1841 3613 non
1887 3552 1995 3615 nisi
2052 3573 2228 3637 quam
2272 3547 2600 3618 infernalia.

488 3653 700 3716 Simile
732 3661 818 3717 est
846 3673 979 3715 cum
1008 3654 1168 3718 omni
1197 3653 1465 3737 subjecto
1494 3651 1790 3715 inferioris
1816 3651 1990 3716 sortis
2014 3652 2074 3713 in
2101 3652 2318 3737 Regno
2344 3650 2603 3730 animali,
2651 3715 2660 3722 .
2713 3723 2720 3728 ,

488 3762 559 3814 nt
591 3775 724 3816 cum
756 3774 900 3828 ave,
946 3752 1163 3828 bestia,
1217 3753 1402 3836 pisce,
1459 3772 1659 3844 verme
1692 3752 1859 3815 alato
1900 3759 1958 3814 et
1996 3772 2117 3815 non
2145 3749 2337 3827 alato,
2389 3772 2612 3817 unum-1

488 3852 753 3937 quodvis
780 3854 1157 3939 cognoscitur
1181 3874 1251 3917 ex
1277 3874 1380 3916 sua
1411 3851 1662 3915 essentia
1704 3873 1804 3914 sen
1848 3859 2092 3927 natura,
2121 3871 2218 3914 -ex
2256 3849 2372 3917 hac
2411 3860 2471 3915 et
2508 3872 2600 3916 se-

408 3959 413 3963 ’
484 3950 937 4028 cundum-hanc
963 3963 1050 4017 est
1081 3952 1336 4038 cujusvis
1363 3951 1688 4015 instinctus
1770 3950 2050 4015 Similiter
2076 3951 2135 4013 in
2165 3951 2382 4038 Regno
2422 3970 2597 4036 vege-

480 4051 690 4127 tabili,
743 4054 933 4117 omnis
961 4053 1175 4128 arhor,
1229 4072 1402 4115 omne
1432 4051 1790 4138 virgultum,
1843 4061 1901 4116 et
1930 4071 2104 4114 omne
2133 4050 2291 4126 olus,
2345 4070 2597 4136 cognos-

481 4152 647 4214 citur
674 4174 744 4216 ex
770 4175 879 4216 suo
919 4152 1115 4216 fructu
1157 4161 1217 4215 et
1252 4152 1506 4227 semine,
1559 4150 1773 4238 quibus
1814 4151 2062 4214 essentia
2101 4172 2205 4215 sua
2247 4150 2451 4214 innata
2492 4159 2600 4224 est,

480 4272 605 4313 nec
648 4262 840 4340 potest
881 4254 1198 4340 quicquam
1237 4250 1445 4348 exinde
1485 4251 1641 4315 aliud
1686 4250 1929 4338 produci
1969 4272 2145 4338 quam
2186 4250 2276 4315 sui
2314 4249 2501 4314 simile
2537 4258 2598 4311 et

2117 4349 2170 4411 N
2459 4360 2464 4365 .
