3309 4775
489 344 533 394 1.
600 342 791 396 uuus
833 341 1204 393 cssEA‘rou.
1265 374 1318 416 -Ι
1373 343 1734 396 mimirum.
1778 326 2082 401 omms‘u.
2127 344 2433 399 mummi.
2515 331 2614 408 79³

494 498 631 586 quia
660 496 822 560 Deus
851 495 1094 583 percipit
1134 504 1191 557 et
1238 497 1427 571 videt,
1480 507 1537 560 et
1576 498 1711 561 inde
1737 499 2053 584 ⁴cognoscit
2096 499 2293 563 omnia
2338 500 2589 566 relativa

492 602 553 664 in
581 597 759 662 Caelo
789 619 858 661 ex
887 596 1112 660 Ordine
1145 597 1203 659 in
1234 620 1352 683 quo
1395 597 1522 684 Ipse
1560 610 1678 673 est,
1725 610 1784 663 et
1824 599 1956 662 inde
2007 599 2283 687 percipit,
2331 601 2489 664 videt
2528 611 2588 667 et

495 700 793 785 cognoscit
824 698 1018 763 omnia
1050 700 1316 782 opposita
1349 700 1592 763 relativa
1623 701 1682 762 iu
1715 699 1989 775 laterna,
2048 711 2112 765 ut
2145 721 2215 763 ex
2241 702 2589 788 supradictis

485 801 788 887 sequitur,
840 808 1041 886 patet,
1086 800 1243 885 quod
1289 800 1448 862 Deus
1486 802 1801 865 omniscius
1838 803 1912 865 sit
1955 802 2012 863 in
2053 801 2295 866 Inserno
2335 802 2484 866 sicut
2526 805 2585 867 in

487 902 713 974 Caele,
757 901 1023 964 similiter
1064 901 1215 984 apud
1246 900 1514 965 homines
1555 901 1611 963 in
1657 903 1915 972 Mund03
1966 903 2046 966 ita
2091 904 2247 989 quod
2292 903 2588 993 percipiat,

484 1003 693 1067 videat
722 1011 779 1063 et
813 1011 1127 1086 cognoscat
1158 1002 1388 1065 illorum
1421 1003 1571 1065 mala
1603 1012 1660 1066 et
1701 1003 1845 1067 falsa
1891 1023 1961 1066 ex
2003 1004 2161 1067 bono
2202 1013 2260 1067 et
2301 1027 2477 1081 vero,
2530 1006 2588 1067 iu

482 1106 710 1193 quibus
739 1102 865 1188 lpse
894 1113 1015 1176 est,
1071 1112 1127 1163 et
1164 1123 1314 1188 quae
1346 1102 1402 1164 in
1438 1126 1539 1192 sua
1575 1104 1821 1167 essentia
1856 1115 1987 1169 sunt
2025 1103 2181 1191 lpse:
2236 1105 2374 1167 dicit
2412 1107 2588 1181 enim,

485 1203 611 1282 „Si
650 1202 976 1268 ascendero
1013 1207 1072 1266 ἰη
1113 1200 1358 1277 Caelos,
1404 1203 1487 1268 ibi
1530 1205 1650 1280 Tu,
1697 1208 1756 1268 si
1793 1219 2055 1269 sternam
2099 1229 2188 1268 me
2227 1209 2289 1269 in
2317 1202 2592 1292 ItgshrnO,

483 1330 628 1372 ecee
655 1306 740 1369 ibi
772 1306 830 1369 T
826 1315 924 1379 u,“
963 1305 1156 1369 I'salm
1189 1302 1533 1369 CXXXIX:
1581 1310 1636 1367 8.
1683 1315 1739 1369 et
1784 1307 1920 1370 alibi
1967 1302 2074 1380 „Si
2108 1303 2484 1397 perfoderint
2526 1312 2590 1372 in

491 1403 811 1495 bisernum
833 1453 848 1477 ‚
905 1405 1043 1469 inde
1072 1429 1286 1467 ivianus
1313 1428 1443 1468 mea
1470 1408 1707 1499 recipiet
1736 1429 1840 1471 eos
1856 1417 1912 1479 ,“
1962 1407 2143 1471 Annos
2175 1406 2289 1471 lX:
2338 1412 2394 1470 2.
2437 1412 2491 1471 3.
2651 1483 2656 1492 ,

649 1511 748 1570 63.
805 1506 872 1568 V.
921 1508 1110 1586 Quon
1155 1506 1323 1568 Deus
1365 1526 1841 1572 OMNIPRAESENS
1879 1528 1974 1572 srr
2011 1530 2050 1570 A
2095 1527 2307 1572 Pmlms
2349 1528 2436 1572 Al>
2478 1530 2585 1573 ur,-

490 1627 651 1672 ἨΜΛ
683 1627 784 1671 sm
823 1627 1093 1671 onniffls.
1177 1605 1349 1685 Quod
1396 1605 1557 1670 Deus
1599 1607 2039 1695 omnipraesens
2083 1609 2156 1672 sit
2194 1630 2226 1671 a
2267 1608 2466 1694 primis
2508 1610 2582 1673 ad

490 1709 697 1772 ultima
727 1709 813 1771 sui
848 1708 1118 1779 Ordinis,
1172 1718 1255 1770 est
1303 1730 1406 1792 per
1451 1708 1721 1772 Calorem
1764 1720 1823 1774 et
1862 1710 2083 1773 Lucem
2130 1732 2161 1772 e
2200 1709 2336 1772 Sole
2377 1710 2584 1774 Mundi

484 1810 855 1896 spiritualis,
910 1809 966 1870 in
998 1809 1161 1893 cujus
1192 1809 1381 1871 medio
1415 1819 1500 1871 est
1521 1837 1547 1880 ς·
1593 1831 1697 1895 per
1722 1807 1881 1874 hunc
1906 1810 2323 1874 Soleni,factus
2353 1820 2438 1873 est
2471 1810 2587 1874 Or-

486 1912 602 1984 do,
660 1919 715 1973 et
745 1931 816 1972 ex
842 1911 941 1973 illo
969 1910 1180 1973 emittit
1226 1911 1479 1974 calorem
1523 1918 1579 1971 et
1619 1910 1838 1987 lucem,
1887 1932 2037 1997 quae
2079 1911 2409 1996 pervadunt
2436 1912 2584 1976 Uni-

482 2033 728 2075 versum
761 2032 790 2072 a
821 2011 1017 2099 primis
1047 2011 1117 2072 ad
1152 2010 1348 2073 nltizna
1380 2011 1537 2095 ejus,
1590 2034 1659 2074 ac
1689 2012 2015 2097 producunt
2045 2013 2259 2087 vitam,
2313 2035 2467 2097 quae
2495 2025 2580 2077 est

477 2113 745 2186 homini,
804 2123 861 2176 et
913 2114 1096 2176 cuivis
1143 2112 1409 2186 animali,
1465 2121 1521 2174 et
1575 2136 1809 2200 quoque
1857 2114 2112 2176 animam
2166 2115 2579 2199 vegetativam,

475 2235 645 2300 quae
674 2223 759 2277 est
787 2214 969 2278 cuivis
998 2214 1243 2300 germini
1284 2235 1462 2297 super
1501 2214 1772 2289 Tellure,
1828 2225 1887 2277 et
1931 2215 2027 2278 illa
2070 2214 2185 2276 duo
2229 2214 2480 2278 influunt
2521 2216 2582 2278 in

475 2314 691 2379 omnia
732 2324 788 2377 et
826 2315 1090 2401 singula,
1135 2325 1191 2377 et
1235 2301 1455 2377 faciunt
1490 2323 1551 2376 ut
1585 2317 2019 2402 unumquodvis
2058 2315 2380 2400 subjectum
2423 2317 2586 2381 vivat

470 2425 533 2480 ct
569 2426 801 2480 crescat
830 2418 1150 2480 secundum
1182 2417 1466 2481 Ordinem
1497 2415 1606 2481 illis
1632 2439 1666 2480 a
1698 2419 1993 2481 creatione
2022 2416 2299 2488 inditum;
2352 2427 2410 2482 et
2443 2419 2580 2503 quia

475 2518 658 2582 Deus
686 2539 804 2579 non
833 2527 920 2593 est
946 2528 1254 2592 extensus,
1297 2529 1352 2580 et
1384 2540 1566 2604 usque
1590 2519 1794 2606 implet
1830 2520 2026 2582 onmia
2063 2527 2298 2582 extensa
2328 2518 2583 2583 Univer-

470 2619 575 2694 si,
631 2621 1065 2704 omnipraesens
1109 2627 1225 2688 est:
1293 2619 1448 2705 quod
1495 2619 1653 2684 Deus
1699 2621 1758 2681 in
1805 2621 1964 2681 omni
2006 2619 2197 2702 spatio
2241 2619 2313 2681 sit
2363 2618 2585 2703 absque

471 2717 718 2806 spatio,
788 2727 844 2781 et
896 2720 954 2781 in
1002 2720 1160 2791 omni
1209 2730 1470 2804 tempore
1505 2720 1725 2806 absque
1774 2731 2071 2806 tempore,
2133 2729 2191 2780 et
2248 2718 2404 2804 quod
2446 2718 2586 2780 inde

476 2820 855 2885 Universum
886 2820 1081 2906 quoad
1104 2819 1419 2883 essentiam
1450 2830 1504 2882 et
1535 2821 1801 2883 ordinem
1833 2819 1912 2885 sit
1936 2818 2237 2906 plenitudo
2267 2819 2407 2893 Dei,
2448 2818 2586 2883 alibi

475 2929 789 2986 ostensum
847 2929 967 2997 est,
1024 2930 1081 2982 et
1127 2921 1260 3006 quia
1302 2921 1382 2982 ita
1428 2929 1545 2994 est,
1598 2942 1702 3006 per
1745 2921 2293 3013 omnipraesentiam
2342 2919 2585 3008 percipit

478 3021 728 3096 omnia,
782 3044 885 3108 per
926 3021 1408 3085 Omniscientiam
1453 3021 1722 3107 providet
1775 3022 2001 3093 omnia,
2061 3029 2119 3082 et
2164 3042 2269 3106 per
2299 3020 2584 3107 Omnipo-

480 3123 732 3188 tentiam
779 3132 1062 3210 operatur
1102 3121 1339 3191 omniai
1385 3123 1539 3186 unde
1584 3131 1776 3209 patet,
1841 3122 1995 3206 quod
2052 3121 2582 3209 omnipraesentia‚

481 3223 919 3288 Omniscientia
965 3234 1025 3287 et
1069 3224 1510 3309 omnipotentia
1558 3243 1737 3286 unum
1785 3223 2037 3296 faciant,
2107 3244 2210 3286 seu
2255 3222 2414 3310 quod
2462 3243 2577 3286 una

483 3335 672 3414 ponat
714 3324 991 3397 alteram,
1046 3333 1104 3385 et
1143 3325 1226 3388 sic
1255 3323 1410 3410 quod
1437 3325 1699 3411 separari
1727 3333 2043 3411 nequeant.

585 3450 589 3455 ·
644 3428 743 3489 64.
802 3427 1310 3512 Omnipraesentia
1343 3425 1553 3488 Divina
1594 3424 1871 3489 illustrari
1901 3432 2091 3511 potest
2119 3445 2223 3510 per
2252 3423 2578 3488 mirabilem

484 3527 884 3612 praesentiam
915 3524 1277 3613 Angelorum
1320 3535 1377 3588 et
1415 3525 1737 3612 Spirituum
1783 3527 1841 3589 in
1881 3525 2108 3589 Mundo
2134 3525 2469 3610 spirituali,
2519 3523 2577 3587 in

480 3624 607 3691 hoc
632 3626 859 3690 Mundo
887 3627 1023 3713 quia
1056 3649 1172 3690 non
1215 3635 1302 3692 est
1327 3629 1608 3714 spatium,
1660 3626 1761 3691 sed
1799 3627 1973 3690 modo
2004 3626 2349 3714 apparentia
2389 3624 2579 3713 spatii,

481 3736 681 3816 potest
707 3729 949 3811 ang-elus
976 3748 1076 3790 seu
1104 3729 1339 3812 spiritus
1366 3736 1663 3791 momento
1693 3748 1964 3815 praesens
1993 3727 2113 3791 sisti
2149 3726 2346 3799 alteri,
2403 3727 2579 3790 modo

481 3829 550 3891 in
578 3828 822 3891 similem
860 3826 1224 3893 affectionem
1255 3829 1472 3893 amoris
1500 3837 1559 3891 et
1584 3829 1719 3892 inde
1751 3828 2168 3914 cogitationem
2199 3829 2411 3902 veniat,
2443 3847 2580 3891 uam

481 3927 638 3993 haec
669 3928 786 3993 duo
816 3928 1037 3993 faciunt
1067 3929 1469 4016 apparentiam
1496 3928 1695 4018 spatii;
1752 3929 2069 4016 quod.talis
2094 3927 2425 4015 praesentia
2453 3948 2581 3991 om-

481 4029 652 4093 nium
680 4029 758 4093 ibi
784 4030 879 4105 sit,
917 4031 1100 4117 patuit
1130 4029 1271 4094 mihi
1299 4052 1370 4096 ex
1395 4052 1498 4105 eo,
1539 4031 1697 4116 quod
1727 4028 1925 4093 videre
1954 4030 2241 4116 potuerim
2269 4025 2582 4093 Africanos

479 4138 549 4193 et
574 4130 757 4196 Indos
781 4130 859 4196 ibi
887 4132 946 4194 in
976 4132 1324 4221 propinquo,
1361 4132 1592 4196 tametsi
1622 4140 1712 4195 tot
1743 4129 2086 4196 milliaribus
2112 4128 2329 4194 distant
2354 4128 2413 4189 in
2440 4127 2583 4190 Tel-

479 4231 651 4305 lure;
699 4232 820 4297 imo
869 4233 1028 4320 quod
1083 4232 1375 4321 potuerim
1430 4252 1707 4321 praesens
1754 4231 1878 4297 sisti
1922 4229 2032 4294 illis
2076 4229 2175 4318 qui
2221 4228 2279 4290 in
2321 4225 2584 4290 Planetis
