3309 4775
774 349 818 400 Ι.
900 350 1124 404 DEUS
1167 349 1602 427 CREATOR.
1650 382 1716 393 -
1760 353 1909 406 DEI
1951 349 2410 406 ESSENTIA.
2559 366 2622 415 51

533 501 797 580 Amoris,
854 504 1109 570 Divinae
1132 504 1500 591 Sapientiae,
1553 516 1610 569 et
1651 507 1913 583 Usnnm,
1965 514 2025 570 et
2064 506 2427 572 sic-omnino
2467 508 2635 594 Opus

535 604 858 669 cohaerens
886 629 916 667 a
952 606 1151 693 primis
1191 606 1265 669 ad
1311 606 1529 670 ultima.
1613 607 1792 688 Quod
1834 607 2196 672 Universum
2242 609 2522 674 consistat
2564 631 2635 675 ex

531 708 828 794 perpetuis
866 707 1089 771 Usibus
1129 708 1428 795 productis
1471 730 1502 768 a
1543 708 1844 794 Sapientia
1887 730 1957 772 ac
1998 709 2235 774 initiatis
2280 709 2355 772 ab
2395 711 2636 786 Amore,

523 807 722 873 omnis
749 809 981 893 sapiens
1010 818 1199 895 potest
1239 810 1626 895 contemplari
1670 811 1818 873 sieut
1858 809 1922 872 in
1956 809 2231 898 speculo,
2281 811 2423 873 dnm
2471 832 2633 875 com-

517 929 771 978 munem
810 909 1003 972 ideam
1035 908 1106 971 de
1140 909 1460 972 Creatione
1501 911 1759 975 universi
1800 903 1905 975 sibi
1949 921 2288 995 comparat,
2336 921 2395 974 et
2436 913 2495 976 in
2534 911 2632 977 illa

526 1010 912 1099 particularia
945 1019 1174 1085 tuetur,
1232 1011 1607 1097 particularia
1643 1011 1796 1074 enim
1827 1012 2108 1099 adaptant
2135 1033 2195 1075 se
2236 1035 2344 1077 suo
2371 1034 2634 1077 commu-

537 1112 634 1186 ni,
688 1122 743 1174 et
776 1132 1083 1174 commune
1125 1112 1378 1200 disponit
1419 1112 1516 1177 illa
1560 1114 1617 1174 in
1664 1112 1915 1176 formam
1947 1123 2009 1176 ut
2038 1115 2425 1183 concordent;
2478 1115 2635 1201 quod

542 1211 621 1275 ita
648 1212 754 1286 sit,
807 1211 863 1274 in
892 1214 1274 1299 sequentibus
1303 1235 1408 1300 per
1435 1213 1600 1299 plura
1629 1213 2037 1280 illustrabitur.

1396 1362 1777 1404 ******

693 1514 793 1574 48.
820 1557 825 1562 1
850 1510 960 1575 His
989 1512 1298 1598 adjicietur
1324 1512 1437 1575 boc
1464 1514 1908 1578 MEMORAmLE,
1979 1513 2295 1592 Quondam
2327 1536 2456 1578 cum
2488 1516 2635 1581 duo-

537 1611 647 1676 bus
675 1610 914 1697 Angelis
940 1614 1216 1699 loquutus
1243 1636 1368 1677 sum
1387 1664 1400 1688 ‚
1459 1636 1607 1677 unus
1637 1624 1766 1677 erat
1796 1635 1827 1678 e
1856 1614 2034 1679 Caelo
2063 1616 2366 1691 orientali,
2421 1619 2568 1681 alter
2600 1639 2633 1680 e

537 1713 719 1777 Caelo
751 1713 1145 1785 meridionali.;
1201 1716 1460 1801 quicum
1502 1725 1892 1801 perceperunt
1933 1717 2087 1803 quod
2129 1718 2363 1780 Arcana
2405 1718 2636 1805 sapien-

533 1816 651 1879 tiae
682 1814 757 1876 de
788 1815 1006 1879 Amore
1047 1817 1394 1892 meditarer,
1450 1816 1761 1891 dicebant,
1814 1818 2043 1881 nostine
2080 1817 2299 1902 aliquid
2342 1819 2413 1881 de
2455 1819 2635 1883 Ludis

529 1915 856 2003 sapientiae
887 1917 944 1982 in
974 1926 1176 1981 nostro
1218 1918 1477 1993 Mundo,
1530 1917 1804 2002 respondi
1847 1919 2003 2005 quod
2045 1918 2335 1987 nondum:
2391 1932 2448 1983 et
2479 1920 2637 1983 dixe-

526 2027 695 2106 runt,
759 2027 894 2081 sunt
924 2018 1146 2105 plures,
1203 2029 1258 2081 et
1289 2019 1445 2105 quod
1479 2018 1586 2088 ini.
1633 2019 1747 2104 ·qui
1786 2029 1985 2082 amant
2029 2040 2167 2083 vera
2212 2042 2280 2084 ex
2327 2020 2636 2085 allectione

520 2118 855 2205 spirituali,
906 2141 1008 2182 seu
1042 2141 1178 2182 vera
1211 2121 1346 2206 quia
1376 2141 1516 2184 vera
1556 2131 1722 2196 sunt,
1776 2129 1835 2182 et
1861 2122 1999 2206 quia
2029 2144 2132 2208 per
2158 2121 2253 2184 illa
2284 2135 2370 2186 est
2396 2122 2633 2210 sapien-

520 2221 636 2296 tia,
689 2220 770 2283 ad
803 2219 1006 2282 datum
1036 2221 1266 2306 signum
1303 2220 1690 2296 conveniant,
1746 2243 1815 2283 ae
1853 2222 2139 2285 ventilent
2179 2233 2236 2285 et
2279 2223 2635 2287 concludant

525 2321 624 2385 illa
666 2342 826 2409 quae
872 2321 1264 2410 profundioris
1306 2322 1635 2387 intellectus
1676 2333 1829 2388 sunt.
1895 2323 1988 2385 llli
2026 2334 2166 2385 tnnc
2198 2322 2634 2410 prehenderunt

525 2444 618 2486 me
652 2444 872 2494 mann,
927 2425 1284 2510 inquientes,
1338 2445 1585 2509 sequere
1613 2446 1751 2499 nos,
1806 2434 1863 2487 et
1891 2425 2115 2488 videbis
2149 2435 2206 2488 et
2246 2426 2478 2502 audies,
2531 2425 2636 2489 da-

525 2533 648 2588 tum
689 2533 778 2589 est
834 2524 1006 2588 hodie
1045 2522 1273 2610 signum
1326 2533 1667 2590 conventus.
1750 2525 2032 2589 Ducebar
2077 2547 2181 2613 per
2225 2527 2521 2612 planitiem
2561 2526 2637 2590 ad

522 2627 737 2690 collem
758 2674 774 2702 ‚
839 2635 898 2689 et
926 2646 1061 2688 ecce
1091 2626 1161 2689 ad
1193 2627 1398 2711 pedem
1441 2625 1603 2690 collis
1632 2628 1898 2712 porticus
1930 2642 2000 2688 ex
2042 2626 2278 2713 palmis,
2330 2627 2637 2690 continua-

520 2736 618 2792 tus
645 2748 845 2814 usque
873 2726 946 2790 ad
976 2727 1101 2812 ejus
1127 2736 1333 2813 caput;
1387 2727 1738 2791 intravimus
1776 2727 1977 2802 illum,
2031 2738 2090 2790 et
2123 2726 2525 2801 ascendimus;
2579 2737 2639 2790 et

523 2849 704 2916 snper
735 2828 932 2915 capite
961 2849 1064 2891 seu
1093 2828 1312 2891 vertice
1341 2828 1504 2891 collis
1545 2828 1703 2892 visus
1744 2837 1831 2891 est
1857 2826 2083 2902 Lucus,
2138 2826 2295 2890 inter
2334 2828 2501 2914 cujus
2539 2848 2635 2891 ar-

527 2929 708 2994 bores
733 2929 954 2992 humus
981 2927 1207 2992 elevata
1241 2927 1536 2992 formabat
1565 2929 1711 2992 sicut
1739 2928 2064 2992 Theatrum
2083 2978 2097 3003 ‚
2140 2927 2294 2990 intra
2326 2928 2480 3015 quod
2510 2937 2637 2992 erat

527 3031 786 3097 Planum
819 3029 1031 3116 lapillis
1063 3030 1223 3093 varie
1252 3030 1532 3093 coloratis
1570 3037 1853 3092 stratum:
1908 3029 2122 3093 circum
2165 3027 2306 3092 illud
2347 3029 2404 3091 in
2447 3027 2637 3093 forma

527 3132 826 3221 quadrata
872 3131 1058 3218 posita
1099 3139 1268 3194 erant
1306 3129 1499 3205 Solia,
1551 3150 1728 3215 super
1770 3129 1982 3213 quibus
2018 3130 2300 3194 sedebant
2346 3139 2638 3195 amatores

529 3234 892 3320 sapientiae;
948 3240 1004 3293 et
1033 3233 1094 3292 in
1124 3231 1316 3294 medio
1344 3229 1589 3296 Theatri
1625 3241 1752 3293 erat
1782 3231 2020 3303 Mensa,
2075 3252 2253 3316 super
2294 3252 2408 3318 qua
2449 3231 2635 3318 posita

528 3334 641 3399 fuit
669 3333 896 3398 Charta
924 3331 1114 3417 sigillo
1146 3333 1491 3418 obsignata„
1546 3332 1834 3396 Sedentes
1876 3353 2050 3416 super
2092 3332 2265 3396 Sotiis
2301 3331 2637 3396 invitabant

530 3454 638 3500 nos
667 3436 742 3499 ad
770 3434 934 3498 Solia
963 3432 1158 3498 adhuc
1185 3454 1373 3498 vacua
1392 3480 1407 3506 ,
1462 3442 1521 3496 et
1559 3432 1864 3517 respondi,
1915 3432 2010 3495 hic
2038 3433 2245 3497 ductus
2270 3455 2395 3497 sum
2424 3455 2458 3497 a
2488 3433 2637 3496 duo-

529 3535 644 3600 bus
681 3534 956 3621 Angelis,
1013 3543 1076 3598 ut
1116 3534 1346 3598 videam
1373 3543 1433 3596 et
1469 3533 1828 3609 auscultem,
1881 3545 1937 3596 et
1985 3555 2102 3596 non
2146 3543 2209 3597 nt
2251 3533 2520 3598 sedeam:
2575 3541 2636 3597 et

531 3647 677 3700 tunc
706 3636 825 3698 bini
856 3634 938 3697 illi
968 3627 1177 3721 Angeli
1218 3636 1277 3697 in
1312 3634 1567 3699 medium
1606 3634 1778 3699 Plani
1821 3635 1893 3697 ad
1936 3655 2195 3698 mensam
2222 3635 2420 3710 ibant,
2472 3643 2531 3698 et
2559 3634 2637 3699 si-

533 3736 736 3825 gillum
769 3736 1012 3800 chartae
1037 3736 1376 3809 solvebant,
1433 3746 1493 3800 et
1518 3756 1719 3798 coram
1750 3735 2085 3798 sedentibus
2115 3735 2388 3820 legebant
2420 3756 2638 3799 arcana

527 3837 860 3924 sapientiae
889 3835 1142 3901 Chartae
1168 3837 1478 3920 inscripta,
1532 3857 1685 3921 quae
1720 3857 1884 3899 nune.
1906 3835 2257 3898 ventilarent
2300 3845 2358 3897 et
2397 3836 2638 3900 evolve·-

529 3948 700 4011 rent;
755 3937 974 4024 scripta
1005 3936 1241 4001 fuerunt
1269 3937 1345 4001 ab
1377 3935 1611 4024 Angelis
1636 3937 1795 4000 tertii
1823 3936 2017 4010 Caeli,
2068 3945 2127 3999 et
2166 3957 2343 4024 super
2375 3957 2639 4000 mensam

530 4039 825 4112 demissa;
880 4048 1048 4101 erant
1091 4038 1202 4102 tria
1244 4035 1516 4114 Arcana,
1570 4037 1880 4112 anmn,
1932 4035 2086 4129 quid
2127 4037 2339 4126 Imago
2383 4036 2530 4112 Dei,
2581 4048 2640 4100 et

530 4140 686 4237 quid
705 4135 1056 4206 Similitudo
1084 4138 1228 4216 Dei,
1281 4142 1344 4203 in
1383 4161 1540 4231 quas
1581 4136 1762 4204 homo
1805 4152 2045 4202 creatus
2084 4151 2189 4202 est.
2269 4137 2639 4209 SECUNDUM,

528 4266 639 4309 cur
661 4241 842 4309 homo
870 4262 995 4305 non
1023 4243 1296 4308 nascitur
1320 4243 1385 4306 in
1409 4241 1722 4305 scientiam
1751 4235 1938 4303 ullius
1963 4241 2190 4304 amoris
2206 4285 2222 4313 ‚
2274 4257 2407 4331 cnm
2436 4247 2634 4298 tamen
