3309 4775
813 410 862 467 1.
940 411 1170 464 DEUS
1209 410 1655 469 CREATOR.
1701 442 1769 453 —
1829 412 2162 466 UNITAS
2202 412 2372 467 DEI.
2566 425 2630 474 11

546 564 797 642 ultimis,
839 587 947 653 pro
976 565 1108 630 Deo
1136 575 1540 651 agnoverunt:
1595 575 1654 629 et
1686 566 1920 652 quidam
1961 576 2026 630 ut
2064 576 2407 654 separarent
2443 567 2633 632 Deum

547 689 586 733 a
622 676 871 742 natura,
938 666 1422 751 excogitaverunt
1468 667 1763 752 quoddam
1821 667 2411 744 universalissimum,
2479 671 2635 756 quod

546 776 915 832 vocaverunt
942 768 1062 832 Ens
1089 767 1378 839 universi;
1417 776 1475 830 et
1502 768 1637 853 quia
1668 767 1811 831 nihil
1856 768 1983 855 plus
2023 768 2093 830 de
2138 770 2268 834 Deo
2307 770 2527 847 sciunt,
2571 770 2636 834 fit

545 868 662 933 boc
703 867 826 934 Ens
869 869 1023 957 apud
1068 868 1198 934 illos
1241 890 1345 932 ens
1388 867 1648 944 rationis,
1712 870 1868 956 quod
1912 868 2199 954 significat
2238 891 2356 933 non
2396 871 2632 957 aliquid.

545 970 694 1051 Quis
719 992 841 1034 non
869 968 1366 1057 comprehendere
1394 979 1602 1055 potest,
1648 970 1807 1056 quod
1847 970 2208 1057 cognitiones
2244 969 2315 1033 de
2350 971 2481 1035 Deo
2522 972 2635 1036 sint

543 1070 781 1159 specula
810 1070 951 1147 Dei,
996 1081 1053 1133 et
1081 1069 1240 1158 quod
1267 1069 1382 1145 illi,
1427 1070 1525 1155 qui
1554 1069 1696 1133 nihil
1723 1073 1912 1135 sciunt
1939 1072 2009 1135 de
2037 1072 2166 1137 Deo
2186 1119 2203 1147 ,
2246 1092 2367 1135 non
2395 1072 2633 1136 videant

546 1170 743 1235 Deum
771 1172 833 1234 in
857 1171 1054 1260 aliquo
1080 1171 1318 1259 speculo
1344 1171 1527 1236 oculis
1554 1171 1839 1247 obverso,
1882 1174 1984 1236 sed
2023 1172 2081 1235 in
2121 1172 2359 1261 speculo
2396 1172 2631 1239 inverso

545 1294 650 1337 seu
677 1293 710 1336 a
741 1282 941 1357 tergo,
988 1273 1144 1359 quod
1174 1282 1482 1357 argentum
1512 1272 1712 1334 vivum
1751 1283 1851 1336 aut
1892 1274 2120 1358 nigrum
2153 1273 2354 1359 gluten
2386 1274 2633 1360 obtegit,

544 1393 621 1437 ac
640 1373 952 1457 imaginem
982 1394 1102 1435 non
1130 1371 1410 1447 reflectit,
1450 1373 1551 1436 sed
1579 1370 1841 1437 suffocat.
1897 1374 2069 1438 Fides
2095 1374 2206 1437 Dei
2233 1375 2414 1437 intrat
2442 1375 2499 1437 in
2527 1375 2633 1438 boa

541 1472 756 1536 minem
787 1493 891 1558 per
920 1473 1089 1539 Viam
1121 1472 1409 1558 priorem,
1455 1493 1607 1558 quae
1635 1482 1721 1536 est
1754 1475 1829 1536 ab
1874 1474 2066 1538 anima
2109 1475 2166 1537 in
2203 1476 2503 1561 superiora
2543 1477 2633 1539 in-

537 1573 834 1644 tellectus;
883 1583 941 1637 at
970 1574 1335 1659 cognitiones
1362 1573 1432 1635 de
1461 1573 1589 1637 Deo
1623 1573 1845 1638 intrant
1884 1596 1991 1659 per
2015 1574 2184 1640 Viam
2227 1576 2631 1662 posteriorem,

533 1674 671 1759 quia
702 1695 773 1736 ex
800 1673 1064 1737 revelato
1092 1675 1293 1741 Verbo
1338 1675 1415 1738 ab
1443 1673 1749 1739 Intellectu
1792 1697 1898 1762 per
1934 1697 2138 1741 sensus
2178 1676 2441 1762 corporis
2480 1676 2629 1741 hau-

535 1774 798 1845 riuntur,
827 1786 904 1838 et
933 1774 990 1837 in
1031 1776 1223 1839 medio
1257 1775 1565 1840 Intellectu
1607 1775 1673 1839 fit
1706 1786 2030 1841 conventus
2065 1776 2421 1852 influxuum,
2465 1787 2522 1841 et
2549 1779 2627 1841 ibi

534 1876 822 1940 naturalis
861 1875 1035 1952 fides,
1076 1898 1228 1963 quae
1269 1878 1446 1940 modo
1487 1887 1572 1941 est
1606 1878 1936 1963 persuasio,
1984 1877 2049 1942 fit
2086 1878 2432 1964 spiritualia,
2477 1901 2628 1964 quae

533 1987 621 2042 est
646 1978 770 2064 ipsa
802 1976 1052 2065 agnitio;
1100 1999 1283 2067 quare
1314 1978 1650 2043 Intellectus
1682 1977 1973 2043 humanus
2000 1988 2086 2043 est
2124 1980 2272 2044 sicut
2312 1980 2627 2056 cambium,

531 2078 592 2141 in
622 2101 741 2166 quo
770 2077 834 2142 fit
864 2079 1234 2164 permutatio,

690 2183 795 2244 12.
851 2180 918 2244 V.
974 2179 1165 2259 Quon
1192 2179 1399 2244 RA'rro
1428 2199 1701 2245 numam
1730 2201 1819 2244 Ex
1844 2200 2078 2244 munus
2115 2201 2180 2245 ln
2210 2180 2452 2245 Munno
2479 2201 2625 2245 PER-

532 2299 752 2344 clPEnE
777 2301 906 2344 Aur
931 2300 1337 2345 coNchmEnr:
1363 2301 1599 2355 Possrr,
1639 2301 1694 2344 sl
1734 2302 1928 2356 vum,
1978 2300 2155 2356 Quoi)
2180 2282 2351 2346 Dssus
2376 2302 2503 2357 srr,
2546 2303 2623 2345 ΕΤ

529 2401 707 2459 Quoi>
753 2403 919 2447 unus
963 2401 1075 2446 srr.
1166 2380 1336 2445 Haec
1381 2382 1599 2445 veritas
1646 2403 1752 2469 per
1794 2382 2246 2447 innumerabilia
2292 2382 2350 2444 in
2394 2382 2622 2447 Mundo

530 2483 893 2570 aspectabili,
937 2482 1271 2547 confirmari
1300 2492 1526 2567 potest‚·
1570 2494 1657 2547 est
1686 2483 1839 2546 enim
1871 2484 2226 2549 Universum
2251 2484 2399 2548 sicut
2427 2482 2627 2548 Thea-

527 2595 687 2647 trum
710 2633 726 2660 ,
765 2607 944 2671 super
972 2607 1090 2671 quo
1118 2585 1503 2660 Testimonia,
1539 2585 1699 2669 quod
1724 2585 1887 2648 Deus
1912 2585 2004 2660 sit,
2052 2594 2108 2647 et
2150 2585 2306 2672 quod
2349 2607 2498 2648 unus
2532 2584 2625 2660 sit,

525 2685 804 2748 continue
831 2685 1198 2749 exhibentur.
1253 2685 1365 2748 Sed
1398 2686 1470 2748 ad
1498 2675 1614 2748 boc
1638 2684 2046 2750 illustrandum
2074 2685 2361 2749 adducam
2394 2687 2624 2750 MEMO-

522 2804 755 2850 RABILE
779 2778 951 2849 hoce
973 2786 1196 2849 Mundo
1216 2785 1534 2872 Spirituali.
1575 2784 1889 2867 Quondam
1919 2787 2073 2849 inter
2099 2786 2456 2872 loquendum
2487 2808 2622 2849 cum

522 2883 798 2973 Angelis,
838 2882 1082 2950 aderant
1123 2886 1301 2971 aliqui
1327 2886 1553 2951 Novitii
1580 2908 1612 2948 e
1642 2887 1870 2950 Mundo
1915 2887 2202 2961 naturali,
2245 2887 2456 2973 quibus
2485 2886 2624 2951 visis

523 2988 803 3073 optabam
851 2986 1081 3050 felicem
1111 2987 1464 3062 adventum,
1512 2996 1568 3049 et
1596 2989 1836 3049 narravi
1866 2988 2031 3074 plura
2063 2989 2260 3072 ignota
2293 2988 2365 3050 de
2393 2987 2620 3052 Mundo

520 3086 823 3174 Spirituali
840 3115 854 3159 ;
881 3098 939 3152 et
969 3097 1096 3174 post
1121 3109 1452 3152 sermonem
1484 3088 1554 3150 de
1582 3087 1695 3151 illis
1722 3088 2005 3175 quaesivi,
2023 3109 2198 3175 quam
2228 3088 2615 3151 eruditionem

520 3187 597 3252 de
625 3189 755 3288 Peo
797 3198 854 3252 et
894 3190 965 3253 de
1004 3189 1235 3253 Natura
1267 3209 1298 3251 e
1329 3189 1554 3254 Mundo
1595 3208 1795 3251 secum
1836 3187 2092 3265 ferrent,
2134 3189 2405 3252 dicebant
2443 3187 2618 3265 banc,

523 3290 680 3376 quod
711 3291 942 3355 Natura
972 3300 1261 3376 operetur
1276 3290 1471 3353 omnia
1502 3310 1652 3374 quae
1682 3291 1742 3351 in
1774 3289 2065 3355 Universo
2095 3289 2309 3353 Creato
2338 3288 2515 3367 fiunt,
2559 3300 2617 3354 et

520 3392 680 3476 quod
708 3392 868 3456 Deus
898 3401 1025 3478 post
1053 3391 1423 3455 Creationem
1462 3391 1542 3453 illi
1583 3390 1860 3454 indiderit
1890 3400 1949 3453 et
1976 3390 2332 3477 impresserit
2370 3390 2618 3455 faculta-

518 3499 638 3554 tem
665 3501 725 3555 et
754 3493 1073 3579 potentiam
1101 3491 1296 3566 illam,
1336 3501 1394 3555 et
1426 3492 1582 3575 quod
1613 3491 1774 3556 Deus
1817 3490 2003 3555 solum
2048 3501 2333 3555 sustentet
2374 3502 2432 3554 et
2477 3515 2616 3555 con-

516 3603 714 3656 servet
743 3593 839 3656 illa
874 3615 948 3656 ne
978 3604 1249 3679 pereant;
1297 3601 1658 3680 quapropter
1697 3602 1907 3656 cuncta
1951 3615 2101 3677 quae
2144 3593 2430 3666 existunt,
2484 3614 2616 3657 nas·
2693 3607 2703 3616 ·

519 3703 734 3759 cuntur
759 3704 818 3758 et
846 3704 1236 3758 renascuntur
1260 3714 1433 3780 super
1458 3693 1699 3769 tellure,
1743 3693 2012 3757 Naturae
2052 3691 2227 3757 hodie
2271 3693 2614 3758 adscribun-

517 3789 671 3857 turz'
700 3796 801 3859 sed
831 3796 1130 3882 respondi,
1177 3795 1330 3882 quod
1363 3804 1572 3858 natura
1602 3817 1675 3858 ex
1712 3816 1774 3857 se
1814 3816 1933 3856 non
1967 3803 2243 3880 operetur
2274 3794 2613 3879 quicquam,

515 3893 622 3958 sed
669 3894 832 3961 Deus
871 3905 1318 3982 per-naturam:
1377 3904 1436 3958 et
1480 3895 1616 3980 quia
1663 3895 1985 3982 poscebant
2030 3895 2611 3972 demonstrationem,

515 3993 666 4067 dixi,·
713 3995 794 4060 illi
823 3995 924 4083 qui
951 3996 1197 4060 credunt
1223 3995 1499 4061 Divinam
1530 3994 1933 4081 operationem
1979 3995 2038 4058 in
2078 3995 2317 4081 singulis
2344 4004 2615 4072 naturae,

512 4104 757 4183 possunt
781 4119 850 4161 ex
880 4098 1212 4185 permultis,
1257 4098 1498 4186 quaein
1526 4095 1753 4160 Mundo
1780 4097 2003 4172 vident,
2030 4117 2092 4160 se
2120 4093 2472 4161 confirmare
2503 4117 2611 4184 pro

507 4195 676 4273 Deo,
713 4199 901 4265 multe
942 4197 1073 4287 plus
1111 4219 1285 4286 quam
1326 4219 1434 4285 pro
1478 4198 1746 4263 Natura:
1799 4197 1882 4260 illi
1920 4198 2109 4273 enim,
2152 4195 2251 4284 qui
2290 4217 2351 4260 se
2393 4194 2611 4260 confir·

509 4308 674 4362 mant
711 4321 818 4387 pro
845 4300 1064 4369 Divina
1094 4299 1454 4388 Operatione
1493 4300 1553 4363 in
1594 4297 1836 4384 singulis
1878 4306 2157 4373 naturae,
2195 4295 2505 4359 attendunt
2536 4293 2611 4356 ad
