3309 4775
678 405 776 453 196
912 391 1376 447 UNIVERSA
1420 389 2065 445 THEOLOGIAN.
2112 391 2173 444 C.
2216 391 2321 443 ET
2363 392 2427 444 N.
2473 394 2534 445 E.

665 546 832 637 pueri
870 545 1295 636 prophetarum
1339 544 1683 630 colligentes
1727 545 2011 607 miserunt
2054 545 2114 606 in
2163 544 2563 632 pulmentum,
2620 549 2762 633 quod

665 649 805 713 dum
846 646 1256 721 comederent,
1313 645 1688 719 clamabant,
1744 666 1904 708 mors
1949 647 2008 707 in
2052 645 2202 719 olla,
2243 638 2313 708 ἸΙ
2342 646 2492 731 Reg.
2531 645 2643 710 IV:
2689 651 2760 714 38

665 748 739 813 ad
771 750 875 812 43.
960 747 1038 812 Et
1079 767 1315 834 quoque
1356 747 1690 831 comparari
1723 737 1970 832 possunt
1997 745 2233 815 Bestiae
2277 767 2345 807 ex
2389 747 2569 822 mari,
2627 759 2763 833 quae

662 849 925 914 habebat
971 847 1086 911 duo
1134 867 1355 911 cornua
1404 845 1552 911 sicut
1601 843 1790 931 Agni,
1859 856 1917 909 et
1962 847 2205 931 loquuta
2250 831 2338 910 est
2384 847 2534 910 sient
2577 849 2764 924 draco,

668 952 848 1037 Apoc.
900 947 1079 1013 XIII:
1133 950 1246 1023 11,
1300 947 1360 1009 in
1401 946 1786 1032 sequentibus
1834 946 2019 1010 bestia
2075 947 2170 1010 illa
2231 950 2766 1035 vocatur‘pseudo-

668 1048 972 1137 propheta.
1045 1047 1122 1112 Et
1148 1044 1302 1113 'sunt
1338 1048 1491 1111 sicut
1529 1047 1789 1110 latrones
1831 1047 1887 1108 in
1935 1043 2145 1123 Urbe,
2204 1048 2301 1110 ubi
2344 1049 2501 1111 cives
2543 1052 2766 1126 morati,

667 1149 766 1235 qui
804 1149 865 1213 in
904 1148 1004 1213 illa
1048 1148 1352 1213 moraliter
1389 1155 1575 1233 agunt
1614 1156 1672 1210 et
1718 1147 2089 1210 rationaliter
2128 1147 2486 1233 loquuntur,
2542 1159 2607 1212 at
2648 1171 2767 1214 cum

667 1250 915 1314 redeunt
962 1251 1019 1311 in
1065 1250 1299 1340 sylvas,
1352 1247 1515 1312 ferae
1560 1256 1729 1312 sunt:
1783 1257 1887 1311 aut
1931 1248 2128 1311 etiam·
2158 1249 2308 1311 sicut
2359 1248 2624 1333 piratae,
2678 1252 2767 1336 qui

665 1371 841 1438 super
870 1361 1025 1413 terra
1057 1348 1325 1431 homines
1351 1357 1514 1423 sunt,
1570 1356 1631 1411 at
1661 1347 1717 1410 in
1748 1348 1895 1410 mari
1925 1347 2235 1411 crocodili:
2294 1347 2350 1409 hi
2393 1358 2450 1411 et
2493 1350 2581 1413 illi
2624 1351 2772 1415 ince-

667 1450 815 1514 dunt
845 1450 981 1514 dum
1010 1471 1188 1535 super
1214 1458 1371 1513 terra
1404 1459 1501 1512 aut
1531 1448 1589 1511 in
1636 1448 1779 1511 urbe
1820 1456 1987 1525 sunt,
2038 1448 2189 1513 sicut
2234 1447 2565 1534 pantherae
2607 1450 2769 1515 indu·

667 1561 762 1615 tae
806 1550 1052 1639 pellibus
1092 1549 1247 1623 ovis;
1304 1560 1405 1613 aut
1450 1550 1602 1613 sicut
1642 1547 1846 1612 simiae
1890 1547 2142 1611 amictae
2185 1549 2446 1613 vestibus
2483 1548 2772 1627 humanis,

667 1662 804 1715 ante
835 1651 999 1736 cujus
1028 1651 1251 1718 vultum
1284 1650 1585 1736 appositus
1624 1658 1713 1712 est
1753 1658 1931 1737 typus
1971 1648 2139 1712 faciei
2180 1648 2452 1712 hominis.
2536 1646 2773 1714 Assimi-

669 1752 775 1814 lari
813 1750 988 1814 etiam
1033 1763 1271 1836 possunt
1316 1749 1644 1825 meretrici,
1699 1771 1850 1834 quae
1893 1750 2121 1834 inungit
2167 1772 2227 1823 se
2269 1749 2570 1824 balsamo,
2625 1750 2777 1816 fucat

669 1852 883 1914 faciem
915 1873 1204 1938 purpura,
1247 1873 1317 1915 ac
1345 1850 1581 1912 investit
1609 1871 1672 1912 se
1701 1850 1887 1914 serico
1914 1849 2053 1914 albo
2084 1871 2213 1911 cum
2243 1850 2483 1912 intextis
2513 1848 2775 1925 floribus,

670 1973 823 2038 quae
850 1974 980 2016 cum
1009 1952 1068 2014 in
1098 1953 1337 2015 domum
1367 1972 1534 2015 suam
1565 1949 1746 2024 redit,
1802 1951 1983 2014 nudat
2024 1971 2086 2014 se
2128 1960 2326 2014 coram
2373 1950 2661 2036 lupercis,
2712 1972 2778 2015 ac

668 2049 850 2114 inficit
879 2051 1009 2114 illos
1036 2074 1140 2116 sua
1172 2052 1350 2137 lepra.
1432 2050 1608 2130 Quod
1639 2049 1786 2114 tates
1829 2050 1977 2124 sint,
2029 2049 2128 2136 qui
2169 2050 2434 2114 sanctum
2475 2052 2686 2129 Verbo
2722 2061 2779 2116 et

672 2152 954 2214 Divinum
1003 2150 1261 2216 Domino
1309 2151 1485 2215 corde
1533 2150 1854 2235 derogant,
1911 2171 2012 2237 per
2052 2171 2342 2214 annorum
2388 2152 2782 2239 experientias

669 2253 727 2313 in
758 2250 986 2314 Mundo
1014 2249 1313 2339 Spirituali
1346 2250 1493 2314 mihi
1512 2251 1714 2314 datum
1756 2260 1842 2315 est
1882 2271 2272 2336 cognoscere,
2327 2252 2405 2314 ibi
2454 2253 2607 2313 enim
2654 2274 2779 2315 orn—

668 2372 772 2415 nes
800 2351 1050 2436 primum
1097 2361 1371 2432 tenentur
1417 2352 1475 2415 in
1517 2352 1774 2415 externis
1813 2352 1963 2428 suis,
2015 2360 2077 2416 at
2117 2361 2315 2438 postea
2357 2350 2448 2418 his
2486 2351 2780 2439 ademptis

670 2451 1065 2516 immittuntur
1090 2454 1150 2516 in
1180 2452 1456 2530 Interna,
1505 2462 1561 2517 et
1593 2462 1730 2515 tunc
1760 2453 2108 2518 comoedum
2139 2469 2350 2516 eorum*
2375 2453 2439 2516 fit
2465 2454 2775 2539 tragicum.

830 2556 971 2617 149.
1039 2552 1139 2619 lv.
1198 2552 1387 2633 Quor>
1432 2554 1737 2617 Donamus
1780 2571 2107 2620 opum-:run
2151 2574 2322 2617 mnis
2363 2541 2665 2618 xrrnrurr-:s
2712 2574 2778 2618 m

669 2675 869 2730 rums,
910 2649 1034 2731 ‘Qm
1071 2673 1364 2719 caenum
1402 2674 1468 2717 m
1498 2651 1711 2718 Ipsum.
1797 2652 1974 2733 Quod
2002 2653 2293 2719 Dominus
2332 2663 2612 2739 operetur
2653 2654 2782 2718 illas

669 2756 949 2828 virtutes,
1000 2778 1151 2842 quae
1196 2775 1301 2842 per
1347 2753 1682 2818 missionem
1711 2754 1963 2843 Spiritus
1988 2754 2189 2818 Sancti
2223 2754 2663 2843 intelliguntur,
2719 2755 2779 2816 in

669 2854 782 2919 iltis
808 2855 907 2942 qui
938 2856 1188 2919 credunt
1216 2854 1272 2916 in
1304 2853 1498 2942 Ipsum
1518 2901 1533 2928 ,
1589 2854 1701 2917 hoc
1727 2864 1862 2929 est„
1897 2854 2055 2940 quod
2083 2854 2214 2918 illos
2240 2854 2555 2929 reformet,
2608 2849 2777 2938 reg‘e-

673 2965 873 3028 neret,
929 2954 1207 3030 innovet,
1279 2954 1568 3030 vivificet,
1632 2952 1989 3030 sanctificet,
2054 2954 2360 3042 justificet,
2427 2953 2698 3043 purificet
2746 2976 2779 3017 a

672 3055 871 3129 malis,
925 3063 982 3116 et
1014 3055 1252 3119 demum
1282 3054 1500 3130 salvet,
1559 3065 1789 3119 constat
1820 3076 1893 3118 ex
1922 3055 2194 3120 omnibus
2224 3054 2334 3120 illis
2366 3056 2509 3120 locis
2538 3054 2596 3117 in
2626 3053 2782 3117 Ver-

673 3152 784 3227 bo,
839 3174 990 3239 quae
1031 3154 1416 3231 confirmant,
1473 3154 1631 3242 quod
1676 3153 1833 3219 salus
1874 3143 1936 3217 et
1972 3156 2092 3219 vita
2134 3165 2377 3219 aeterna
2416 3155 2489 3219 sit
2527 3153 2640 3217 illis
2679 3152 2788 3239 qui

676 3251 925 3315 credunt
953 3253 1008 3313 in
1039 3254 1393 3330 Dominum,
1448 3276 1600 3341 quae
1631 3253 1885 3319 adducta
1928 3269 2105 3342 supra
2147 3278 2200 3318 n.
2244 3258 2388 3319 107.
2427 3255 2785 3326 ‚videantun

672 3360 730 3416 et
758 3351 996 3436 insuper
1026 3354 1100 3416 ab
1133 3353 1244 3417 hoc
1271 3355 1489 3429 „Dixit
1514 3355 1736 3429 Jesus,
1786 3357 2058 3448 quisquis
2086 3355 2324 3422 Cur-:mr
2347 3376 2412 3421 m
2442 3356 2575 3431 ΜΕ,
2626 3357 2790 3419 sicut

672 3451 819 3517 dicit
845 3448 1182 3545 Scriptura,
1220 3456 1493 3541 flumina
1520 3479 1601 3520 ex
1628 3470 1842 3520 ‘ventre
1865 3457 2001 3543 ejus
2021 3456 2231 3543 fluent
2269 3478 2465 3548 aquae
2495 3457 2785 3528 «viventia
2845 3530 2849 3533 ⁶

672 3551 786 3617 hoc
811 3551 972 3617 dixit
999 3554 1074 3620 de
1101 3554 1393 3631 Smmw,
1447 3580 1617 3647 quem
1662 3559 1965 3649 accepturi
2004 3571 2145 3622 sunt
2181 3575 2531 3620 CREDENTES
2571 3557 2638 3619 m
2681 3554 2785 3618 11»-

669 3674 833 3729 snm,
886 3651 1025 3718 Joh.
1071 3653 1218 3718 vll:
1262 3657 1361 3718 38.
1396 3659 1496 3718 39.
1598 3657 1754 3720 Tum
1799 3676 1870 3719 ex
1911 3655 2057 3733 hoc,
2110 3657 2576 3724 'res-nmmum
2617 3655 2780 3718 Jssn

667 3774 774 3817 Es'r
801 3751 1087 3818 Sumus
1116 3765 1570 3831 moramur-,st
1614 3755 1799 3842 Apoc.
1829 3756 2005 3820 XIX:
2056 3762 2167 3828 10;
2210 3778 2313 3841 per
2338 3756 2618 3841 spiritum'
2640 3776 2788 3841 pro-

666 3852 901 3941 phetiae
945 3853 1294 3939 intelligitur
1319 3856 1541 3919 Verum
1578 3855 1883 3920 doctrinae
1914 3878 1981 3918 ex
2010 3857 2242 3930 verbu,
2301 3855 2607 3941 prophetia
2654 3875 2784 3918 non

667 3952 827 4017 aliud
868 3953 1156 4041 significat
1198 3975 1372 4040 quam
1415 3955 1779 4030 doctrinam,
1832 3976 1901 4019 ac
1945 3956 2298 4045 prophetare
2341 3955 2553 4019 docere
2594 3954 2786 4029 illam,

667 4064 723 4116 et
752 4073 856 4140 per
886 4054 1280 4118 testimonium
1308 4055 1454 4119 Jesu
1485 4055 1831 4141 intelligitur
1858 4055 2147 4121 confessio
2183 4077 2254 4118 ex
2294 4054 2408 4119 tide
2449 4058 2507 4118 in
2556 4055 2786 4140 Ipsum,

664 4150 850 4214 simile
883 4152 1225 4236 intelligitur
1255 4174 1358 4239 per
1383 4153 1814 4217 Testimonium
1846 4155 2035 4241 Ipsius
2066 4157 2125 4218 in
2152 4153 2425 4220 hocloco
2456 4143 2785 4230 ,ζΜῖοΙιαέ-
2846 4218 2852 4222 .

672 4247 751 4340 {is
796 4248 1029 4340 Angeli
1052 4253 1345 4314 *vicerunt
1389 4249 1709 4317 draconem
1750 4276 1867 4344 per
1904 4259 2260 4343 sanguinem
2303 4251 2512 4344 Agrii,
2564 4267 2623 4318 et
2657 4275 2791 4345 per
