3309 4775
634 344 755 446 1¹⁴8,
870 350 1331 474 'Um-tvans}
1375 372 1910 441 'ruminoom
1954 389 2020 444 N.
2066 386 2131 442 c,
2174 367 2296 440 ΕΤ
2329 390 2394 444 N.
2444 393 2505 441 ιε.

617 541 922 607 rationalis
951 542 1277 615 exteriora,
1334 562 1488 626 quae
1528 541 1971 605 communicant
2014 564 2146 604 cum
2183 541 2448 619 Mundo,
2499 552 2557 607 et
2601 544 2736 607 inde

556 674 560 680 ·
616 644 679 708 in
715 643 936 708 lumine
960 641 1170 706 Mundi
1200 652 1366 716 sunt,
1420 652 1477 705 et
1517 642 1756 705 tandem
1799 643 2177 707 detruserunt
2222 644 2318 707 illa
2364 644 2421 706 in
2464 643 2737 730 naturale

618 744 918 815 sensuale;
974 743 1129 806 unde
1169 743 1521 821 doctrinalia
1552 743 1852 808 Ecclesiae
1892 744 2047 829 apud
2092 744 2223 808 illos
2264 728 2419 808 sacta
2464 756 2601 808 sunt
2642 767 2739 809 so·-

617 847 729 911 lius
756 844 904 921 oris,
957 853 1016 906 et
1045 864 1163 908 non
1195 843 1448 928 amplius
1477 844 1852 929 cogitationis
1878 865 1949 908 ex
1980 844 2244 920 ratione,
2294 855 2352 907 et
2394 844 2589 929 adbuc
2625 847 2739 908 mi-

622 970 729 1012 nus
757 942 1084 1010 affectionis
1109 966 1181 1007 ex
1211 966 1445 1017 amore;
1500 955 1558 1008 et
1589 946 1726 1031 quia
1751 966 1815 1008 se
1848 946 1992 1009 tales
2023 944 2324 1021 fecerunt,
2378 967 2496 1008 non
2527 947 2738 1008 admit-

620 1056 749 1111 tunt
778 1045 942 1110 illum
970 1046 1251 1111 Divinum
1284 1065 1491 1108 verum
1521 1046 1681 1132 quod
1713 1044 2006 1110 Ecclesiae
2038 1055 2144 1119 est,
2187 1045 2501 1109 nec-ullum
2534 1047 2740 1132 geuui-

586 1179 593 1185 ·
622 1170 762 1211 num
791 1147 1014 1211 bonum
1047 1146 1204 1233 quod
1234 1144 1593 1232 Religionis;
1650 1147 2055 1233 comparative
2089 1146 2246 1228 sacta
2277 1157 2410 1210 sunt
2441 1147 2736 1211 Interiora

589 1249 835 1326 ‚mentis
875 1268 1082 1311 eorum
1123 1246 1274 1311 sicut
1321 1246 1495 1311 Utres
1541 1247 1748 1334 repleti
1791 1248 2075 1310 ramentis
2116 1245 2256 1314 ferri
2300 1268 2433 1310 cum
2485 1249 2737 1336 pulvere

621 1346 941 1437 sulphureo
973 1338 1342 1422 commixtis,
1382 1347 1442 1409 in
1483 1351 1633 1433 quae
1674 1349 1719 1411 si
1764 1347 2097 1410 immittitur
2136 1369 2324 1434 aqua,
2377 1345 2439 1414 fit
2447 1349 2733 1437 primum

624 1449 1037 1513 incalescentia
1074 1456 1132 1510 et
1176 1457 1376 1534 postea
1409 1446 1684 1523 flamma,
1736 1469 1808 1510 ex
1851 1470 1967 1538 qua
2019 1456 2178 1512 utr'es
2218 1448 2301 1510 illi
2345 1433 2734 1535 rumpuntur5

623 1549 891 1615 similiter
918 1549 1020 1624 illi,
1060 1570 1191 1611 cum
1223 1549 1467 1635 audiunt
1494 1548 1716 1636 aliquid
1744 1549 1817 1611 de
1848 1568 2001 1635 aqua
2037 1550 2193 1623 viva,
2234 1571 2387 1633 quae
2420 1559 2508 1614 est
2534 1549 2739 1635 genui-

624 1673 768 1715 num
813 1667 1021 1715 verum
1063 1649 1276 1723 Verbi,
1330 1659 1386 1714 et
1428 1650 1541 1712 hoc
1586 1651 1768 1712 intrat
1812 1671 1919 1735 ptr
1959 1650 2603 1725 aures,vehemente1
2641 1671 2739 1712 ex·

622 1751 984 1816 candescunt
1029 1761 1083 1814 et
1133 1748 1606 1825 inflammantur,
1664 1759 1723 1812 et
1764 1751 1819 1812 id
1862 1751 2134 1834 rejiciunt
2178 1751 2325 1813 sicut
2371 1751 2521 1826 tale,
2576 1743 2750 1837 quod

625 1861 928 1940 rumperet
967 1852 1158 1937 capita
1191 1852 1445 1915 illorum.
1527 1852 1607 1915 Hi
1642 1854 1811 1926 su'nt,
1862 1852 1960 1936 qui
2004 1852 2106 1915 tibi
2149 1856 2551 1939 apparuerunt
2588 1851 2741 1914 sicut

623 1953 843 2017 Simiae
884 1953 1219 2037 equitantes
1259 1951 1498 2016 inverso
1540 1972 1790 2038 corpore
1834 1972 2011 2038 super
2048 1952 2230 2066 Equis
2267 1949 2407 2016 rufis
2451 1962 2516 2015 et'
2557 1952 2741 2037 nigris

626 2076 756 2116 cum
788 2052 1052 2139 capistris
1076 2052 1300 2115 'circum
1332 2052 1515 2125 colla,
1555 2051 1836 2139 quoniam
1866 2052 1977 2128 illi,
2020 2053 2117 2138 qui
2147 2074 2266 2115 non
2295 2062 2494 2115 amant
2525 2073 2737 2117 verum

510 2162 513 2165 '
623 2163 681 2216 et
723 2153 943 2216 bonum
988 2152 1283 2216 Ecclesiae
1326 2172 1402 2213 ex
1423 2153 1658 2228 Verbo,
1714 2174 1830 2215 non
1879 2152 2087 2216 volunt
2125 2138 2392 2240 spectare
2435 2153 2741 2216 anteriora

624 2252 872 2337 alicujus
900 2232 1105 2338 Equi,
1135 2253 1235 2315 sed
1267 2254 1594 2347 posteriora
1624 2251 1781 2337 ejus;
1819 2253 2039 2340 Equus
2067 2254 2219 2316 enim
2247 2253 2537 2337 siguificat
2568 2251 2743 2315 intel-

624 2354 840 2417 lectum
871 2350 1071 2428 Verbi,
1106 2353 1309 2439 Equus
1337 2342 1504 2418 rusus
1531 2353 1892 2420 intellectum
1927 2354 2110 2420 Verbi
2139 2354 2503 2442 deperditum
2538 2352 2762 2439 quoad-

607 2457 878 2531 bonum,
932 2465 992 2519 et
1022 2453 1239 2544 Equus
1278 2456 1446 2541 niger
1486 2455 1848 2531 intellectum
1898 2453 2078 2521 Verbi
2123 2455 2491 2542 deperditum
2535 2454 2740 2542 quoad

605 2560 863 2634 ,vernum
919 2553 1076 2641 quod
1110 2555 1496 2620 clamaverint
1530 2558 1608 2621 ad
1643 2576 1923 2645 pugnam
1934 2565 2141 2620 contra
2174 2557 2524 2642 Equitantes
2560 2575 2744 2640 super

628 2657 809 2743 Equis
849 2642 1027 2730 albis,
1083 2654 1171 2720 est
1212 2657 1346 2743 quia
1379 2658 1581 2742 Equus
1620 2657 1793 2721 albus
1832 2655 2119 2743 significat
2159 2657 2520 2740 intellectum
2550 2654 2742 2721 Verbi

623 2758 820 2850 quoad
852 2778 1056 2821 vetum
1089 2767 1145 2826 et
1176 2757 1445 2828 bonum}
1489 2758 1658 2844 qnod
1678 2758 1785 2823 visi
1820 2758 1971 2821 collo
2013 2757 2317 2822 retrahere
2348 2779 2486 2821 suos
2517 2755 2744 2843 Equos,

621 2867 750 2922 erat
781 2858 916 2946 quia
952 2859 1241 2922 timebant
1261 2879 1548 2945 pugnam,
1581 2880 1654 2922 ne
1686 2879 1891 2922 verum
1920 2857 2105 2923 Verbi
2136 2859 2210 2922 ad
2242 2857 2458 2922 multos
2490 2857 2745 2928 veniret,

625 2970 682 3021 et
710 2959 793 3021 sic
823 2958 880 3020 in
913 2958 1138 3023 lucem:
1194 2956 1343 3023 haec
1371 2969 1458 3023 est
1484 2959 1910 3050 interpretatio.

775 3055 989 3144 Angeli
1018 3081 1198 3143 porro
1228 3059 1536 3135 dixerunt,
1589 3082 1699 3125 uos
1723 3080 1925 3125 sumus
1952 3082 1983 3123 e
2008 3058 2308 3124 Societate
2336 3058 2527 3133 Caeli,
2582 3078 2749 3143 quae

626 3166 878 3224 vocatur
907 3158 1209 3238 Michael,
1247 3167 1306 3224 et
1348 3181 1380 3224 a
1424 3160 1688 3226 Domino
1733 3161 1996 3233 mandati
2033 3182 2235 3224 sumus
2279 3159 2633 3223 descendere
2677 3155 2784 3220 iu‘

626 3259 821 3322 locum
863 3258 1081 3322 dictum
1115 3257 1566 3348 Armageddon,
1623 3262 1778 3324 unde
1806 3259 2122 3345 Equitatus
2164 3260 2268 3323 tibi
2314 3260 2467 3323 visus
2508 3258 2748 3344 erupit:
2795 3275 2806 3279 ·

626 3382 728 3448 per
757 3357 1180 3448 Armageddon
1210 3364 1362 3448 apud
1396 3384 1501 3427 nos
1528 3361 1586 3423 in
1609 3362 1790 3426 Caelo
1818 3360 2183 3447 significatur
2209 3369 2395 3426 status
2423 3369 2479 3450 et
2508 3360 2756 3422 animus

599 3461 923 3548 -pugnandi
955 3483 1026 3525 ex
1053 3460 1374 3527 falsificatis
1404 3464 1556 3528 veris
1577 3511 1592 3537 ,
1648 3463 1934 3525 oriundus
1964 3483 2033 3524 ex
2074 3482 2277 3524 amore
2307 3459 2645 3523 dominandi
2682 3467 2757 3521 et

623 3561 918 3626 eminendi
961 3585 1137 3648 super
1167 3584 1403 3635 omnes;
1460 3574 1517 3626 et
1559 3564 1696 3649 quia
1726 3562 2080 3650 percipimus
2109 3562 2263 3648 apud
2299 3571 2354 3623 te
2381 3559 2758 3625 desiderium

619 3663 839 3726 sciendi
871 3664 942 3726 de
971 3663 1184 3748 Pugna
1214 3663 1346 3738 illa,
1401 3664 1619 3749 aliquid
1651 3663 2039 3727 narrabimus.
2121 3662 2266 3726 Post
2311 3661 2656 3725 descensum
2719 3680 2758 3722 e

622 3762 803 3831 Caelo
833 3763 1185 3827 accessimus
1217 3765 1289 3827 ad
1320 3765 1514 3828 locum
1544 3763 1705 3827 illum
1738 3762 2177 3849 Armageddon,
2226 3770 2283 3824 et
2316 3762 2565 3826 vidimus
2591 3759 2762 3825 illuc

610 3860 1019 3948 'congregatos
1047 3867 1119 3927 ad
1150 3863 1377 3949 aliquot
1415 3865 1625 3937 millia;
1684 3886 1889 3930 verum
1935 3887 2054 3926 non
2094 3862 2445 3926 intravimus
2483 3862 2541 3923 in
2584 3859 2766 3924 Cae-

621 3970 747 4025 tum
774 3962 935 4025 illum
955 4009 971 4034 ,
1024 3963 1125 4026 sed
1155 3968 1329 4029 erant
1354 3966 1587 4051 aliquae
1618 3966 1845 4029 Domus
1874 3966 1946 4028 ad
1978 3964 2129 4029 latus
2158 3960 2537 4026 meridionale
2567 3961 2768 4026 istius

621 4060 769 4134 loci,
816 4062 913 4125 ubi
943 4074 1111 4126 erant
1140 4063 1318 4127 Pueri
1354 4088 1482 4128 eum
1519 4063 1851 4149 Magistris;
1907 4065 2045 4127 illuc
2073 4063 2457 4137 intravimus,
2496 4060 2590 4147 qui
2621 4082 2767 4127 nos

623 4162 979 4245 exceperunt
1021 4164 1306 4246 benigne3
1362 4163 1807 4227 delectabamur
1835 4185 1866 4227 a
1898 4165 2198 4230 consortio
2240 4162 2507 4233 illorum;
2562 4171 2775 4225 erant

623 4278 829 4324 omnes
873 4262 1068 4349 quoad
1110 4262 1322 4327 faciem
1360 4264 1613 4349 speciosi
1649 4284 1719 4326 ex
1748 4264 1881 4327 Vita
1923 4266 1980 4328 in
2015 4265 2232 4346 oculis,
2283 4274 2340 4327 et
2380 4283 2449 4325 ex
2489 4261 2630 4326 Zolo
2684 4262 2773 4325 iu
