3309 4775
1105 373 1173 415 *ju
1345 352 1808 407 UNlVERSA
1850 352 2376 406 THECLOGIA
2418 352 2486 405 N.
2530 352 2592 404 C.
2634 351 2740 403 ET
2781 351 2848 403 N.
2891 350 2952 404 E.

1105 511 1333 595 pidum,
1389 516 1489 572 aut
1517 528 1586 569 ex
1619 505 1775 571 nuda
1809 506 2043 594 glarea,
2097 506 2444 571 intermixtis
2487 504 2829 595 paludibus,
2885 506 2944 567 in
2985 503 3196 592 quibus

1105 617 1351 672 coaxant
1397 627 1611 679 ranae;
1680 618 1737 671 et
1792 610 1951 696 quod
1996 629 2169 695 super
2225 606 2477 694 mapalia
2525 606 2757 671 illorum
2811 606 3013 674 volent
3056 627 3197 670 aves

1109 711 1386 795 lugubres
1408 719 1468 772 et
1499 708 1753 772 ululent:
1808 709 2033 782 ochim.
2089 710 2281 786 tziim,
2332 719 2391 771 et
2419 708 2580 794 ijim,
2629 707 2811 794 quiin
2842 707 3196 793 propheticis

1105 811 1317 886 Verbi,
1365 810 1469 873 ubi
1514 808 1587 873 de
1630 829 1833 875 amore
1878 810 2206 897 imperandi
2250 832 2320 874 ex
2363 829 2566 874 amore
2619 811 2738 883 sui,
2794 810 3198 883 nominantur,

1105 935 1221 975 non
1277 910 1430 975 aliud
1485 919 1649 986 sunt,
1729 912 1883 999 Esaj.
1945 911 2127 976 XIII:
2183 915 2285 975 21.
2374 911 2602 975 Jerem.
2662 910 2743 973 L:
2799 914 2901 973 39.
2996 908 3194 973 Psalm

1113 1013 1384 1077 mxlv:
1444 1014 1542 1076 14.

1261 1119 1358 1177 46.
1416 1113 1516 1177 VI.
1563 1112 1754 1193 Quon
1780 1133 1944 1178 nanc
1968 1133 2208 1178 amotus
2238 1114 2455 1177 Divml
2481 1132 2755 1177 romum
2773 1131 2971 1175 CAUSA
2999 1109 3203 1174 Cana-

1101 1235 1308 1279 *noms
1339 1234 1666 1288 umvssnsl,
1722 1235 1798 1281 ΕΤ
1840 1235 2016 1290 Quon
2051 1234 2189 1278 stur
2227 1234 2423 1279 CAUSA
2451 1213 2991 1279 Consenvanoms
3031 1231 3198 1275 mus.

1101 1315 1277 1399 Quod
1306 1314 1404 1379 illa
1437 1315 1544 1379 tria
1573 1314 1899 1381 Essentiala
1929 1317 2145 1379 amoris
2171 1314 2369 1378 Divini
2400 1313 2613 1378 fuerint
2646 1335 2818 1379 causa
2848 1312 3205 1387 Creationis,

1105 1439 1177 1479 ex
1205 1415 1486 1479 scrutinio
1516 1425 1574 1479 et
1603 1415 1871 1479 examine
1898 1416 2130 1481 illorum
2161 1416 2407 1503 perspici
2438 1424 2658 1503 potest;
2712 1417 2868 1502 quod
2912 1412 3026 1478 hoc
3056 1413 3207 1477 Pm-

1109 1539 1289 1591 fflcm,
1338 1516 1506 1608 qnod
1528 1530 1619 1582 est
1646 1539 1851 1581 amare
1874 1514 2033 1583 alios
2059 1530 2237 1582 extra
2260 1541 2357 1592 se,
2410 1517 2584 1582 fuerit
2614 1537 2787 1581 causa
2804 1563 2821 1590 ,
2871 1524 3099 1579 constat
3130 1534 3206 1576 ex

1113 1619 1435 1692 [luit-erso,
1478 1620 1636 1703 quod
1666 1619 1738 1681 sit
1765 1628 1930 1682 extra
1957 1619 2176 1693 Deum,
2210 1618 2360 1683 sicut
2386 1619 2644 1683 Mundus
2670 1628 2754 1682 est
2782 1626 2947 1680 extra
2976 1616 3202 1689 Solem,

1105 1731 1161 1779 ut
1193 1724 1249 1783 in
1273 1719 1428 1807 quod
1458 1728 1648 1807 potest
1677 1740 1939 1783 amorem
1969 1742 2136 1783 suum
2167 1719 2500 1793 extendere,
2529 1731 2587 1782 et
2617 1720 2674 1782 in
2696 1741 2813 1805 quo
2842 1718 3003 1781 illum
3032 1737 3208 1781 exer-

1109 1847 1273 1895 cere,
1325 1829 1388 1884 et
1430 1822 1512 1884 sic
1557 1822 1891 1907 quiescere;
1957 1821 2173 1907 legitur
2215 1822 2423 1896 etiam,
2476 1823 2632 1907 quod
2682 1829 2989 1907 postquam
3039 1819 3209 1883 Deus

1109 1930 1416 1987 creaverat
1458 1920 1699 1985 Caelum
1742 1930 1800 1984 et
1838 1922 2119 1996 Terram,
2173 1921 2498 2009 quieverit,
2549 1931 2607 1984 et
2646 1921 2801 2007 quod
2835 1920 2971 1982 inde
3010 1917 3211 1985 factus

1105 2027 1177 2087 sit
1213 2023 1334 2085 dies
1358 2021 1677 2098 sabb-athi,
1729 2020 1873 2085 Gen.
1906 2022 1995 2085 11:
2053 2026 2109 2087 2.
2145 2026 2202 2085 3.
2282 2022 2458 2103 Quod
2486 2023 2870 2096 Semnum,
2913 2021 3084 2113 quod
3117 2034 3212 2085 est

1109 2123 1277 2187 ‘velle
1305 2148 1483 2189 unum
1510 2146 1640 2187 esse
1671 2120 1991 2198 cumillis,
2045 2122 2218 2187 fuerit
2263 2146 2467 2199 causa,
2524 2135 2748 2189 constat
2790 2143 2858 2184 ex
2904 2123 3208 2186 creatione

1113 2223 1362 2288 hominis
1388 2225 1446 2286 in
1478 2224 1790 2310 imaginem
1822 2234 1877 2289 et
1905 2225 2338 2289 similitudinem
2369 2225 2501 2302 Dei,
2536 2247 2640 2312 per
2666 2245 2810 2311 quas
2838 2223 3209 2311 intelligitur,

1109 2327 1261 2412 quud
1301 2322 1479 2388 homo
1505 2324 1694 2392 sactus
1720 2327 1790 2391 sit
1829 2325 2022 2391 forma
2065 2326 2350 2414 recipiens
2388 2348 2650 2391 amorem
2694 2336 2752 2390 et
2780 2326 3127 2412 sapientiam
3172 2344 3206 2388 a

1109 2428 1265 2500 Deo,
1320 2427 1401 2491 ita
1434 2449 1564 2490 cum
1596 2449 1713 2514 quo
1742 2428 1904 2493 Deus
1929 2450 1989 2492 se
2019 2437 2205 2512 potest
2236 2428 2434 2504 unire,
2488 2440 2546 2492 et
2590 2437 2827 2517 propter
2865 2427 3025 2491 illum
3070 2447 3207 2490 cum

1109 2532 1374 2592 [ηιῑηὶὴυε
1406 2536 1466 2592 et
1490 2528 1732 2616 singulis
1760 2529 2067 2603 Universi,
2105 2550 2255 2615 quae
2282 2551 2397 2591 non
2428 2530 2582 2593 aliud
2611 2538 2745 2592 sunt
2774 2549 2947 2614 quam
2979 2527 3208 2597 media:

1113 2652 1245 2692 narn
1305 2629 1637 2713 conjunctio
1679 2652 1809 2693 cum
1859 2651 2033 2693 causa
2082 2628 2239 2693 finali
2285 2640 2370 2694 est
2412 2653 2646 2717 quoque
2692 2621 3030 2715 conjunctio
3075 2649 3207 2692 cum

1109 2732 1297 2796 causis
1328 2732 1561 2804 mediis3
1605 2731 1761 2817 quod
1792 2732 1985 2814 omnia
2016 2740 2253 2819 propter
2281 2731 2598 2794 Hominem
2629 2742 2825 2796 creata
2855 2731 2968 2794 sint
2988 2780 3004 2806 ,
3048 2740 3210 2818 patet

1105 2836 1281 2896 etiam
1333 2854 1402 2896 ex
1449 2834 1632 2897 Libro
1676 2831 2003 2899 Creationis
2054 2853 2155 2897 seu
2203 2830 2448 2906 Genesi,
2501 2833 2636 2919 Cap.
2686 2832 2742 2895 l:
2790 2836 2892 2896 28.
2942 2837 3047 2897 29.
3101 2836 3205 2895 30.

1109 2936 1281 3012 Quod
1325 2933 1660 3003 Turnum,
1715 2933 1881 3020 quod
1916 2948 2006 2999 est
2048 2931 2396 3026 beatificare
2437 2933 2579 2999 illos
2616 2958 2699 2998 ex
2734 2957 2830 3007 se,
2884 2934 2955 2998 sit
3002 2954 3206 3008 causa,

1109 3042 1336 3096 cunstat
1374 3055 1448 3095 ex
1490 3034 1670 3099 Caelo
1711 3034 2026 3119 Angelieo,
2080 3034 2235 3121 quod
2285 3037 2580 3122 provisum
2624 3045 2707 3099 est
2758 3037 2918 3098 omni
2957 3033 3212 3107 homini,

1109 3136 1209 3216 qui
1257 3155 1520 3199 amorem
1566 3134 1674 3196 Dei
1717 3137 1951 3222 recipit,
2010 3134 2107 3198 ubi
2156 3137 2413 3200 omnium
2459 3134 2811 3201 beatificatio
2851 3145 2936 3199 est
2979 3157 3012 3199 a
3056 3134 3206 3200 Solo

1105 3236 1253 3296 Deo.
1311 3232 1484 3311 Quod
1514 3235 1624 3298 tria
1654 3236 1750 3299 illa
1782 3235 2109 3300 essentialia
2140 3240 2357 3300 amoris
2373 3238 2483 3301 Dei
2510 3238 2683 3302 etiam
2712 3237 2828 3300 sint
2856 3257 3028 3301 causa
3062 3257 3208 3299 con-

1101 3336 1450 3398 serationis
1480 3335 1752 3400 Universi
1771 3382 1788 3410 ,
1830 3345 1915 3400 est
1944 3335 2081 3420 quia
2111 3334 2492 3402 Conservatio
2520 3348 2605 3403 est
2635 3347 2912 3425 perpetua
2940 3337 3210 3411 Creatio,

1101 3436 1249 3496 sicut
1277 3436 1643 3500 subsistentia
1674 3446 1759 3500 est
1785 3445 2068 3522 perpetua
2104 3437 2436 3513 existentia;
2492 3462 2559 3504 ac
2600 3440 2847 3504 Divinus
2888 3439 3079 3503 Amor
3123 3438 3209 3502 ab

1105 3548 1346 3601 aeterno
1377 3536 1433 3598 in
1467 3546 1773 3602 aeternum
1805 3545 1891 3600 est
1919 3535 2105 3611 idem,
2150 3537 2228 3600 ita
2270 3540 2457 3624 qualis
2487 3540 2594 3605 fuit
2637 3542 2695 3604 in
2736 3539 2992 3605 creando
3020 3541 3209 3604 Mun-

1105 3640 1241 3700 dum
1261 3688 1277 3712 ,
1329 3636 1460 3702 talis
1489 3647 1574 3703 est
1601 3646 1660 3700 et
1692 3646 1887 3700 manet
1914 3637 1976 3699 in
2005 3637 2103 3701 illo
2134 3653 2351 3704 creato.

1257 3744 1359 3801 47.
1415 3739 1504 3803 Ex
1531 3738 1621 3802 his
1660 3738 1772 3802 rite
1812 3739 2095 3825 perceptis
2137 3740 2319 3805 videri
2362 3751 2579 3830 potest,
2630 3742 2787 3826 quod
2834 3742 3208 3807 Universum

1105 3843 1173 3904 sit
1205 3844 1368 3928 Opus
1395 3841 1720 3904 cohaerens
1746 3861 1778 3903 a
1808 3839 2007 3928 primis
2032 3841 2103 3904 ad
2135 3841 2332 3907 ultima
2353 3893 2368 3918 ,
2425 3844 2557 3930 quia
2588 3854 2675 3908 est
2713 3865 2859 3931 opus
2888 3844 3208 3907 continens

1105 3944 1370 4018 Fusium,
1423 3940 1784 4017 Causarum,
1851 3951 1909 4004 et
1961 3940 2291 4007 Effectuum
2348 3943 2406 4006 in
2459 3966 2613 4009 nexu
2667 3943 3084 4009 indissolubili:
3140 3955 3209 4008 et

1101 4044 1237 4128 quia
1273 4044 1328 4105 in
1360 4043 1518 4108 omni
1558 4064 1759 4106 amore
1800 4053 1888 4108 est
1930 4041 2092 4119 finis,
2146 4043 2207 4107 in
2249 4044 2410 4108 omni
2447 4045 2732 4134 sapientia
2773 4054 2859 4110 est
2902 4046 3208 4133 promotio

1105 4140 1230 4204 linis
1261 4135 1364 4228 per
1392 4165 1597 4208 causas
1623 4145 1873 4219 medias,
1926 4154 1983 4206 et
2011 4165 2113 4229 per
2141 4143 2248 4208 has
2288 4145 2360 4207 ad
2405 4143 2671 4219 effectus,
2721 4145 2820 4232 qui
2860 4155 2994 4211 sunt
3037 4167 3204 4221 usuS,

1105 4244 1479 4330 consequitur
1514 4243 1689 4308 etiam
1729 4244 1886 4332 quod
1928 4243 2284 4309 Universum
2327 4243 2396 4307 sit
2440 4245 2603 4332 Opus
2645 4245 2948 4312 continens
2990 4246 3206 4312 Divini
