3309 4775
684 397 785 444 100
920 335 1960 444 Umvsnss'r'nssocoeu
2005 378 2327 446 N.,c.1=:‘r
2369 378 2435 429 N.
2482 377 2541 428 E.

674 526 1245 626 Correspondentiae
1284 520 1664 609 affectionum
1705 499 1925 597 amoris
1961 504 2505 616 Angelorumsqui
2549 530 2611 610 in
2654 524 2789 616 pro-

676 639 899 725 pinquo
936 644 1105 725 sunt,
1160 643 1219 697 et
1265 634 1623 709 narrabant,
1677 633 1895 719 quibus
1933 630 2340 711 affectionibus
2378 629 2609 714 singula
2653 651 2794 691 cor--

673 735 1146 825 respondebant;
1200 745 1261 799 31
1288 737 1554 822 insuper,
1607 733 1766 821 qnod
1795 733 2130 807 nonsolum
2161 732 2289 807 illa,
2331 733 2433 796 sed
2464 732 2639 794 etiam
2669 730 2786 794 sin·
2860 794 2864 799 ,
2945 726 2946 731 ’

676 840 814 925 gula
842 837 1103 925 reliqua,
1154 857 1308 922 quae
1336 856 1538 917 coram
1570 834 1755 898 oculis
1783 834 1997 897 nostris
2026 835 2324 898 sistuntur
2344 831 2626 904 videnda,
2669 831 2784 894 sint

678 937 1285 1031 Correspondentiae‚
1344 945 1516 1022 prout
1545 935 1805 1009 Domus
1860 933 2192 997 Utensilia
2180 954 2237 995 ιιι
2268 930 2407 1007 inis,
2456 933 2699 1035 Mensae
2729 941 2786 994 et

678 1038 840 1115 Cibi,
890 1038 1127 1111 Vestes,
1186 1046 1307 1100 tum
1353 1036 1528 1109 etiam
1559 1036 1832 1098 monetae
1875 1055 1948 1097 ex
1990 1056 2136 1113 auro
2160 1043 2234 1119 et
2278 1042 2562 1118 argento,
2595 1041 2683 1095 ut
2729 1040 2786 1096 et

678 1139 1071 1213 adamantes,
1104 1146 1163 1209 et
1190 1124 1293 1201 alii
1317 1136 1541 1237 lapides
1570 1136 1843 1224 pretiosi,
1896 1136 2112 1221 quibus
2140 1134 2374 1199 Uxores
2417 1144 2473 1196 et
2508 1133 2789 1218 Virgines
2893 1166 2898 1171 -

678 1243 740 1304 in
767 1239 961 1317 Caelis
989 1240 1384 1309 3ιιοιιι3ιι1ιιι·;
1433 1259 1540 1301 nos
1565 1259 1633 1299 ex
1664 1234 1755 1299 his
1780 1245 1840 1299 et
1867 1234 2004 1300 11113
1991 1234 2359 1340 percipimus
2389 1232 2610 1322 qualis
2611 1254 2789 1296 unus-

679 1340 927 1427 quisque
956 1347 1041 1400 est
1070 1337 1264 1424 quoad
1295 1352 1558 1402 amorem
1588 1346 1643 1400 et
1672 1335 2053 1425 sapientiam;
2108 1335 2206 1400 illa
2227 1354 2389 1428 ‘quae
2423 1336 2479 1396 in
2512 1333 2792 1408 domibus

597 1476 606 1483 ·
683 1439 898 1504 nostris
926 1447 1089 1515 tunt,
1141 1447 1201 1501 et
1224 1438 1428 1503 usibus
1468 1436 1827 1513 inserviunt,
1880 1445 2221 1501 constanter
2265 1435 2346 1499 ibi
2395 1443 2677 1522 manent,
2730 1441 2792 1497 at

684 1559 883 1609 coram
917 1534 1060 1612 illis,
1108 1539 1205 1626 qui
1233 1561 1265 1601 a
1291 1538 1673 1603 societatibus
1700 1537 1758 1601 iu
1784 1537 2097 1602 societates
2125 1545 2450 1621 vagantur,
2488 1535 2629 1600 talia
2663 1555 2794 1596 mu-

675 1649 885 1704 tantur
922 1641 1244 1703 secundum
1288 1639 1601 1705 consortia.
1683 1638 1852 1705 Haec
1895 1637 2002 1699 tibi
2052 1648 2284 1699 ostensa
2310 1646 2494 1718 sunt,
2546 1643 2798 1726 ’propter

683 1763 920 1804 causam
950 1748 1014 1801 ut
1043 1740 1101 1802 in
1126 1733 1306 1830 Typo
1338 1739 1679 1827 particulari
1710 1738 1913 1804 videas
1939 1737 2316 1801 Creationem
2341 1737 2792 1806 Unimersalem

683 1843 842 1905 Deus
870 1841 1026 1904 enim
1068 1850 1152 1904 est
1182 1840 1303 1924 ipse
1337 1838 1522 1923 Amor
1558 1848 1616 1903 et
1662 1839 1786 1926 ipsa
1828 1837 2164 1924 Sapientia,
2216 1829 2274 1900 et
2315 1837 2551 1902 Amoris
2600 1835 2797 1921 Ipsius

681 1950 818 2005 sunt
852 1924 1129 2003 infinitae
1176 1919 1549 2015 affectiones,
1610 1949 1666 2004 et
1716 1939 2056 2025 Sapientiae
2103 1938 2294 2024 Ipsius
2339 1950 2478 2003 sunt
2520 1935 2796 1999 infinitae

686 2040 1122 2135 perceptiones,
1162 2049 1219 2101 et
1245 2039 1455 2102 barum
1485 2034 2058 2126 Corresponderitiae
2084 2047 2218 2104 sunt
2246 2040 2443 2102 omnia
2475 2049 2532 2102 31
2561 2037 2798 2122 singula

566 2202 569 2205 .
684 2161 836 2226 quae
865 2160 1043 2222 super
1067 2139 1326 2209 Tellure·
1320 2151 1655 2233 apparent,
1709 2140 1846 2203 inde
1874 2161 2016 2204 aves
2042 2149 2098 2203 et
2130 2140 2381 2215 bestiae,
2434 2122 2569 2203 inde
2611 2139 2800 2201 arbo-

686 2260 782 2304 res
809 2247 867 2335 et
897 2231 1167 2312 frutices,
1217 2241 1352 2304 inde
1383 2244 1617 2325 segetes
1638 2249 1697 2303 et
1723 2262 1966 2318 messes,
2021 2254 2078 2304 et
2125 2240 2259 2303 inde
2293 2239 2513 2304 herbae
2555 2249 2613 2302 et
2658 2258 2801 2325 333-

651 2409 659 2417 ,
690 2330 877 2431 mina:
935 2361 1070 2404 nam
1102 2341 1262 2405 Deus
1289 2362 1407 2406 non
1437 2349 1522 2406 est
1552 2351 1855 2420 extensus,
1907 2340 2009 2407 sed
2044 2332 2231 2427 usque
2274 2342 2333 2404 in
2377 2351 2642 2405 extenso
2664 2338 2801 2403 ubi-

690 2442 795 2518 xis,
815 2441 931 2504 -ita
941 2442 999 2503 in
1030 2442 1322 2507 Universo
1353 2463 1384 2506 3
1417 2443 1617 2528 primis
1644 2444 1772 2528 ejus
1797 2444 1871 2507 ad
1900 2443 2102 2529 ultima
2132 2444 2293 2537 3133,-
2328 2453 2386 2508 31
2413 2442 2556 2529 quia
2583 2440 2804 2505 Omni-

688 2563 966 2626 praesens
1015 2551 1131 2615 331,
1199 2543 1354 2606 tales
1389 2522 1967 2629 correspondentiae
2021 2540 2395 2606 affectionum
2454 2541 2699 2607 Amoris
2742 2550 2833 2604 et.

684 2643 1020 2744 Sapientiae
1064 2644 1251 2729 Ipsius
1296 2643 1354 2706 in
1405 2649 1531 2708 toto
1575 2642 1826 2708 Mundo
1850 2641 2107 2708 naturali
2158 2653 2325 2713 sunu
2378 2654 2438 2707 at
2485 2646 2543 2705 in
2591 2651 2803 2706 nostro
2885 2696 2889 2699 ⁴

686 2744 949 2820 Mundo,
1002 2746 1104 2831 qui
1153 2741 1403 2809 vocatur
1441 2743 1703 2811 Mundus
1747 2743 2109 2832 spiritualis,
2160 2754 2310 2807 sunt
2333 2745 2551 2808 similes
2597 2765 2805 2807 corre·

683 2845 1082 2931 spondentiae
1100 2843 1252 2933 apud
1283 2845 1442 2920 illos,
1497 2845 1597 2932 qui
1643 2866 1677 2909 a
1723 2843 1853 2908 Deo
1900 2842 2237 2911 affectiones
2284 2854 2342 2909 et
2388 2840 2810 2931 pertwefftiones

683 2946 1019 3033 recipiunt3
1060 2941 1372 3011 discrimen
1404 2955 1522 3023 est,
1576 2945 1737 3032 quod
1786 2944 1923 3008 talia
1967 2944 2025 3006 in
2069 2953 2308 3008 nostro
2321 2945 2547 3009 Mundo
2576 2965 2812 3023 serun-

682 3045 821 3115 dum
852 3045 1192 3110 affectiones
1217 3045 1584 3160 Angelorum
1616 3068 1648 3108 a
1677 3046 1809 3119 Deo
1840 3053 2141 3109 momento
2171 3054 2464 3120 creentur,
2505 3044 2565 3108 in
2598 3056 2812 3107 vestro
2857 3072 2862 3078 ·

684 3152 882 3207 autem
913 3138 1182 3207 Mundo
1167 3167 1224 3207 ιιι
1257 3145 1543 3232 principio
1571 3144 1839 3209 similiter
1866 3154 2063 3209 creata
2090 3145 2204 3208 sint
2224 3194 2239 3219 ,
2284 3155 2342 3207 at
2374 3147 2682 3235 provisum
2715 3153 2811 3207 est

683 3252 748 3324 ut
777 3266 881 3332 per
913 3244 1365 3329 generationes,
1419 3243 1592 3308 unius
1634 3235 1970 3317 ab·altera,
2025 3246 2363 3332 perenniter
2407 3254 2814 3333 renoventur,

685 3345 866 3422 etlsic
909 3343 1147 3407 Creatio
1198 3338 1852 3434 continueturQCausa
1898 3346 2052 3430 quod
2098 3345 2156 3408 in
2200 3355 2403 3410 nostro
2451 3345 2686 3417 Mundo
2726 3347 2818 3409 sit

682 3444 919 3509 Creatio
950 3453 1368 3508 momentanea
1390 3491 1403 3517 ,
1460 3452 1518 3514 31
1546 3442 1606 3505 in
1633 3443 1847 3509 Vestro
1875 3443 2362 3526 Creatiodurans
2404 3467 2508 3534 per
2544 3466 2820 3532 genera·

681 3543 908 3619 tiones,
955 3553 1043 3610 est
1062 3538 1205 3631 quia
1235 3542 1701 3630 Atmospbaerae
1732 3554 1797 3608 ’31
1829 3555 2022 3609 terrae
2052 3547 2236 3611 nostri
2264 3546 2471 3611 Mundi
2508 3555 2651 3611 sunt
2680 3542 2817 3632 spi-'-

680 3646 954 3722 rituales,
1008 3657 1066 3709 et
1097 3643 1566 3731 Atmosphaerae
1596 3655 1652 3708 et
1682 3656 1875 3709 terrae
1905 3645 2100 3710 Vestri
2131 3648 2340 3712 Mundi
2374 3655 2504 3710 s'unt
2552 3657 2828 3710 natura·-

677 3746 794 3821 les,
848 3768 918 3810 ac
970 3746 1265 3809 naturalia
1320 3756 1516 3809 creat-a
1562 3737 1710 3812 sunt.
1753 3755 1818 3809 ut
1862 3746 2175 3810 investiant
2227 3748 2588 3832 spiritualia,
2645 3747 2821 3811 sicut

678 3856 844 3911 cutes
873 3868 1123 3933 corpora
1152 3848 1455 3910 hominum
1485 3858 1543 3910 et
1571 3846 1945 3920 animalium,
1994 3846 2241 3912 cortices
2269 3859 2327 3911 et
2355 3839 2488 3911 libri
2517 3847 2821 3911 caudices
2873 3877 2880 3884 ·

675 3956 736 4039 et
765 3969 961 4012 ramos
989 3941 1311 4022 arborum,
1341 3956 1564 4017 matres
1582 3958 1640 4011 et
1671 3947 1973 4031 meninges
2010 3948 2275 4024 cerebra,
2325 3946 2519 4011 tunica
2553 3968 2818 4023 nervos,

676 4033 733 4112 et
762 4046 1033 4139 philyrae
1063 4048 1294 4113 illorum
1327 4048 1531 4125 libras,
1587 4058 1644 4139 et
1674 4048 1754 4111 sic
1786 4056 1996 4133 porro;
2051 4046 2183 4110 inde
2212 4057 2331 4123 est,
2388 4048 2549 4135 quod
2592 4048 2819 4112 omnia

672 4147 773 4218 1113
802 4170 952 4233 quae
968 4148 1040 4210 in
1071 4160 1265 4213 vestro
1295 4150 1526 4213 Mundo
1556 4157 1727 4220 sunt,
1777 4148 2103 4209 constantia
2142 4148 2289 4220 sint,
2342 4158 2401 4210 et
2446 4158 2820 4212 constanter

680 4246 740 4308 in
769 4249 935 4312 annis
962 4237 1222 4315 redeant.
1309 4247 1421 4312 His
1455 4247 1717 4320 addidit,
1768 4244 1920 4307 haec
1961 4266 2109 4330 quae
2153 4245 2378 4310 vidisti
2379 4257 2449 4310 et
2492 4247 2819 4324 audivisti,
