3309 4775
1081 397 1184 451 111.
1266 390 1690 451 SPI'RITUS
1733 396 2160 454 SANCTUS.
2567 413 2681 460 Ἰοῖ»

578 552 1017 641 intelliguntur,
1076 549 1175 636 qui
1215 561 1350 612 sunt
1384 550 1480 636 qui
1514 572 1583 612 ex
1610 549 1867 626 Babele‚
1923 552 2057 614 dum
2102 553 2323 617 intrant
2349 552 2684 642 Templum,

578 667 642 718 et
673 654 800 740 plus
827 653 964 715 dum
992 651 1283 714 scandunt
1311 650 1597 737 pulpitum
1617 698 1632 725 ,
1688 651 1971 738 imprimis
2002 653 2099 738 qui
2134 675 2203 716 ex
2231 653 2513 718 societate
2539 655 2685 718 Jesu

546 744 641 837 =se
673 755 1013 827 nominant,
1062 751 1433 838 abripiantur
1460 773 1492 815 a
1522 752 1680 826 zelO,
1732 752 1832 837 qui
1869 753 2065 817 multis
2106 766 2190 818 est
2236 775 2305 816 ex
2352 774 2556 818 amore
2596 756 2684 817 in-

578 855 826 929 fernali,
880 875 949 916 ac
997 851 1132 915 inde
1180 850 1585 915 vehementius
1633 852 2065 930 vociferentur,
2120 864 2177 917 et
2221 854 2467 944 suspiria
2514 856 2687 918 altius

577 980 613 1018 e
657 965 895 1040 pectore
933 953 1202 1028 trahant,
1255 974 1430 1038 quam
1477 951 1593 1027 illi,
1666 953 1766 1038 qui
1809 952 1868 1015 in
1908 956 2036 1018 zelo
2082 978 2152 1019 ex
2192 978 2397 1021 amore
2450 957 2686 1021 caelesti

577 1065 732 1119 sunt.
816 1053 988 1136 Quod
1022 1053 1174 1153 apud
1219 1052 1477 1117 Clericus
1519 1051 1709 1117 adhuc
1752 1055 1903 1118 duae
1943 1057 2316 1143 operationes
2359 1056 2688 1145 spirituales

575 1159 726 1232 sint,
783 1156 1055 1218 videatur
1092 1152 1278 1228 infra,
1336 1175 1388 1216 n.
1447 1159 1587 1217 155.

691 1259 831 1320 147.
893 1253 1154 1318 Ecclesia
1199 1253 1390 1317 adhuc
1437 1254 1559 1318 fere
1606 1256 1820 1331 nescit,
1876 1256 2033 1342 quod
2081 1257 2139 1320 in
2179 1257 2339 1320 omni
2382 1258 2686 1322 voluntate

520 1388 523 1389 ⁷
578 1368 639 1420 et
671 1356 1025 1443 cogitatione
1054 1364 1111 1416 et
1144 1354 1279 1416 inde
1320 1355 1556 1418 actione*
1591 1364 1650 1416 et
1691 1354 1925 1442 loquela
1968 1356 2221 1442 hominis
2259 1358 2681 1421 sit'lnternum

582 1459 1038 1529 et'Externum‚
1093 1463 1148 1516 et
1191 1454 1346 1541 qumi
1389 1455 1567 1517 homo
1609 1454 1685 1516 ab
1731 1455 1976 1520 infantia
2014 1458 2257 1522 edoctus
2292 1460 2365 1523 sit
2405 1458 2565 1544 loqui
2608 1458 2683 1521 ab

582 1556 1167 1641 Externoutcunque
1196 1556 1459 1618 dissentit
1491 1555 1829 1631 Internum,
1862 1558 1996 1620 inde
2023 1558 2455 1633 simulationeS,
2487 1579 2683 1622 assen-

580 1660 833 1721 tationes
874 1667 931 1719 et
970 1655 1340 1745 hypocrises;
1397 1666 1829 1743 consequenter
1870 1658 2025 1743 quod
2070 1659 2145 1723 sit
2186 1657 2431 1747 duplex,
2489 1668 2548 1721 et
2589 1658 2685 1723 ille

579 1759 759 1821 modo
776 1758 1058 1842 simplex,
1114 1758 1282 1841 cujus
1310 1756 1635 1820 Externum
1669 1758 1978 1843 cogitaret
2012 1759 2301 1844 loquitur,
2356 1767 2531 1845 atque
2561 1758 2686 1822 vult

577 1869 635 1918 et
683 1861 806 1944 agit
850 1857 922 1919 ab
970 1857 1246 1929 Interno,
1302 1856 1358 1918 hi
1405 1869 1641 1942 quoque
1692 1880 1794 1943 per
1839 1859 2127 1945 simplices
2173 1858 2578 1945 intelliguntur
2622 1861 2688 1922 in

582 1958 818 2033 Verbo,
893 1967 957 2020 ut
1000 1958 1141 2019 Luc.
1190 1955 1371 2021 VIIl:
1431 1961 1526 2019 15.
1584 1957 1722 2044 Cap.
1764 1956 1881 2021 XI:
1933 1962 2052 2033 34,
2123 1968 2178 2024 et
2225 1958 2395 2034 alibi,
2452 1960 2684 2024 tametsi

579 2059 710 2144 plus
737 2060 1030 2143 sapientes
1054 2066 1218 2131 sunt,
1276 2078 1451 2142 quam
1483 2057 1759 2144 duplices.
1843 2058 2017 2136 Quod
2047 2060 2358 2145 duplicitas
2399 2070 2458 2122 et
2500 2059 2684 2147 tripli·

581 2160 728 2223 eitas
773 2160 845 2222 sit
891 2159 950 2220 in
997 2159 1155 2220 omni
1197 2168 1434 2231 creato,
1489 2169 1728 2222 constat»
1755 2160 1830 2222 ab
1873 2158 1962 2222 his
2003 2161 2060 2221 in
2104 2181 2349 2246 corpore
2391 2159 2685 2232 humanm

581 2261 775 2322 omnis
811 2259 1048 2322 Nervus
1088 2259 1164 2321 ibi
1209 2259 1472 2322 consistit
1515 2279 1546 2320 a
1579 2258 1773 2334 fibris,
1829 2269 1884 2322 et
1929 2259 2078 2324 fibra
2123 2283 2154 2323 a
2197 2257 2449 2333 fibrillis;
2496 2261 2687 2323 omnis

584 2358 888 2425 Musculus
942 2381 1010 2422 ex
1063 2353 1355 2423 fasciculis
1403 2357 1722 2434 fibrarum,
1775 2369 1833 2422 et
1879 2361 1934 2423 hi
1982 2383 2052 2424 ex
2101 2360 2262 2425 fibris
2307 2361 2684 2434 motricibus;

580 2461 770 2524 omnis
799 2460 1031 2524 Arteria
1072 2482 1142 2524 ex
1180 2460 1392 2523 tunicis
1430 2461 1490 2521 in
1533 2460 1746 2548 triplici
1790 2463 1996 2533 series
2025 2464 2211 2526 simile
2252 2472 2338 2526 est
2377 2462 2436 2523 in
2483 2463 2687 2527 Mente

579 2558 874 2636 humana,
928 2561 1094 2642 cujus
1135 2561 1505 2645 organismus
1546 2562 1863 2647 spiritualis
1903 2572 1987 2625 est
2029 2564 2190 2632 talis;
2244 2561 2359 2624 hoc
2396 2571 2482 2624 est
2510 2562 2689 2648 quod,

584 2670 852 2749 utsupra
895 2659 1114 2723 dictum
1159 2668 1274 2736 est,
1330 2661 1500 2724 Mens
1540 2661 1798 2724 humana
1845 2662 1902 2723 in
1948 2674 2065 2726 tres
2105 2662 2376 2748 regiones
2415 2659 2688 2725 distincta

579 2761 690 2836 sit,
745 2783 996 2849 quarum
1042 2783 1352 2849 suprema,
1408 2782 1559 2846 quae
1593 2762 1785 2825 'etiam
1833 2773 1919 2825 est
1963 2764 2195 2836 intima,
2264 2769 2515 2825 vocatur
2553 2780 2687 2824 cae-

575 2862 771 2938 lestis,
825 2862 1016 2926 media
1046 2861 1395 2948 spiritualis,
1452 2870 1510 2924 et
1537 2861 1737 2925 infima
1769 2863 2071 2925 naturalis
2154 2863 2384 2924 Mentes
2422 2860 2686 2923 omnium

574 2961 905 3037 hominum,
946 2963 1045 3047 qui
1076 2971 1293 3047 negant
1319 2962 1689 3025 sanctitatem
1727 2962 1904 3026 Verbi
1932 2972 1989 3024 et
2018 2962 2397 3028 Divinitatem
2428 2959 2688 3038 Domini,

576 3063 846 3148 cogitant
899 3064 957 3124 in
1011 3061 1252 3148 regione
1307 3060 1544 3136 intima,
1594 3063 1695 3125 sed
1746 3062 1882 3147 quia
1936 3063 2011 3124 ab
2066 3061 2311 3125 infantia
2360 3061 2690 3125 didicerunt

576 3164 762 3226 etiam
791 3163 1117 3251 spiritualia
1152 3183 1303 3249 quae
1331 3162 1629 3226 Ecclesiae
1655 3172 1823 3237 sunt,
1877 3172 1934 3224 et
1964 3162 2109 3227 haec
2138 3161 2456 3250 recipiunt,
2504 3171 2565 3224 at
2592 3161 2690 3224 illa

578 3272 809 3347 ponunt
840 3262 994 3326 infra
1027 3262 1316 3326 naturalia
1337 3311 1352 3338 ,
1407 3284 1558 3350 quae
1586 3272 1720 3328 sunt
1752 3262 1916 3325 varia
1946 3260 2299 3337 scientifica,
2354 3261 2588 3349 politica
2628 3270 2690 3324 et

576 3363 776 3428 civilia
821 3364 1100 3436 moralia,
1156 3372 1212 3424 et
1255 3363 1390 3449 quia
1426 3362 1622 3426 infime
1666 3372 1722 3425 et
1765 3364 2030 3449 proxime
2070 3363 2344 3448 loquelae
2386 3362 2447 3424 in
2490 3372 2688 3424 mente

577 3464 818 3540 sedent,
873 3486 943 3526 ex
970 3463 1081 3526 illis
1110 3462 1432 3549 loquuntur
1460 3464 1519 3524 in
1565 3462 1796 3551 templis
1837 3473 1894 3525 et
1934 3464 1992 3524 in
2037 3465 2327 3537 caetibus,
2383 3470 2471 3536 et,
2529 3461 2687 3548 quod

579 3564 793 3627 mirum
838 3569 954 3641 est,
1010 3585 1125 3626 non
1168 3563 1338 3626 aliter
1379 3565 1570 3626 sciunt
1616 3572 1788 3638 tunc,
1841 3584 2017 3649 quam
2061 3563 2219 3649 quod
2262 3562 2588 3648 loquantur
2630 3570 2690 3623 et

579 3663 835 3727 doceant
886 3688 956 3727 ex
1012 3665 1125 3727 fide
1178 3664 1443 3740 illorum,
1502 3686 1632 3726 cum
1678 3674 1905 3737 tamen,
1970 3664 2208 3748 quando
2246 3663 2304 3724 iu
2346 3684 2454 3726 suo
2499 3662 2689 3726 libero

575 3773 749 3836 sunt,
800 3765 957 3850 quod
999 3766 1063 3828 fit
1107 3765 1297 3837 domi,
1350 3765 1615 3850 aperitur
1650 3764 1869 3849 janua,
1922 3784 2076 3847 quae
2118 3761 2364 3826 occlusit
2390 3763 2688 3825 internum

574 3865 792 3927 mentis
821 3887 1059 3940 eorum,
1115 3876 1172 3928 et
1213 3875 1353 3927 tunc
1384 3866 1743 3950 quandoque
1779 3863 1966 3927 rident
1998 3864 2072 3926 ad
2099 3863 2233 3937 illa,
2286 3883 2441 3948 quae
2486 3882 2686 3927 coram

573 3972 757 4026 caetu
777 3966 1156 4029 sermocinati
1198 3974 1361 4038 sunt,
1419 3965 1678 4028 dicentes
1718 3964 1940 4037 cor'de;
1985 3963 2141 4048 quod
2171 3962 2536 4048 Theologica
2574 3962 2690 4025 sint

570 4064 826 4148 speciosi
856 4064 1052 4149 laquei
1081 4065 1153 4127 ad
1184 4064 1537 4151 captandum
1569 4063 1890 4128 columbas.

738 4167 884 4226 148.
940 4157 1246 4228 Internum
1295 4174 1354 4227 et
1399 4165 1723 4228 Externum
1776 4163 1980 4226 talium
2028 4161 2401 4251 aequiparari
2449 4169 2691 4249 possunt

565 4263 834 4328 venenis
863 4264 1133 4329 obductis
1163 4265 1370 4329 crustis
1398 4264 1785 4328 saccharinis:
1829 4273 1953 4326 tum
1985 4260 2515 4349 colocynthidibuS,
2544 4281 2689 4345 quas

2145 4361 2201 4422 N
2235 4361 2269 4397 ἔκ
