3309 4775
905 340 948 394 1..
1032 340 1260 394 DEUS
1303 338 1750 401 ΟΒΕΑΤΟΒ,
1797 371 1862 383 —-
1930 342 2357 399 CREATIO.
2577 356 2682 405 ¹03

585 504 638 558 et
675 494 812 581 quia
851 492 935 556 sic
975 503 1187 557 natura
1230 502 1318 557 est
1345 493 1540 570 Deus,
1595 494 1714 557 dixi
1758 492 1917 579 quod
1965 495 2242 558 universa
2283 506 2497 561 natura
2541 498 2610 561 sit
2650 520 2686 565 a

585 597 748 669 Deo,
799 593 932 657 Sed.
1020 590 1094 656 At
1135 594 1414 659 sacerdos
1455 595 1700 679 audiens
1737 616 2012 659 susurros
2050 595 2322 671 illorum,
2376 596 2550 675 dixit,
2594 621 2685 664 sa·

582 694 791 782 pientia
824 703 1021 759 vestra
1052 714 1209 779 quae
1233 703 1321 757 est
1352 718 1510 758 inere
1540 693 1981 782 philosophica,
2034 695 2261 760 seduxit
2293 719 2430 773 vos,
2483 708 2541 761 et
2586 722 2685 764 oc-

581 796 742 862 clusit
771 796 1055 857 interiora
1088 795 1372 858 mentium
1407 805 1775 870 vestrarum,
1830 795 2014 870 adeo,
2068 806 2133 859 ut
2175 817 2295 860 non
2325 797 2453 860 Lux
2484 796 2681 886 aliqua

581 919 648 961 ex
676 898 804 961 Deo
839 905 895 958 et
929 917 961 959 e
993 895 1175 959 Caelo
1215 894 1435 980 Ipsius,
1490 896 1747 984 potuerit
1788 893 2069 972 influere,
2121 906 2179 959 et
2221 897 2516 962 illustrare
2560 922 2682 977 vos,

582 995 928 1062 exstinxistis
957 995 1148 1066 illam;
1203 1005 1262 1058 et
1288 996 1465 1072 dixit,
1521 996 1800 1060 ventilate
1840 996 2077 1082 itaque,
2130 1007 2189 1059 et
2235 997 2487 1062 decidite
2533 999 2687 1065 inter

586 1119 733 1172 vos,
776 1098 929 1171 unde
961 1105 1096 1161 sunt
1133 1095 1382 1160 Animae
1414 1106 1679 1172 vestrae,
1731 1119 1882 1182 quae
1925 1097 2285 1161 immortales
2324 1108 2491 1175 sunt,
2544 1122 2683 1165 num

586 1220 653 1260 ex
681 1199 912 1262 Natura
933 1245 949 1273 ‚
992 1198 1097 1261 ‘vel
1128 1219 1265 1260 num
1295 1196 1533 1261 fuerunt
1564 1198 1622 1259 in
1654 1218 1869 1282 magno
1901 1198 2000 1260 illo
2030 1198 2192 1261 Chao
2223 1198 2426 1271 simul;
2472 1200 2685 1286 quibus

587 1299 798 1362 auditis
825 1298 1009 1361 abivit
1039 1298 1199 1384 prior
1229 1299 1302 1360 ad
1344 1299 1681 1373 consocios,
1738 1317 1955 1381 rogans
1998 1308 2057 1358 ut
2101 1298 2179 1360 illi
2224 1320 2339 1362 una
2382 1320 2513 1363 cum
2556 1301 2683 1383 ipso

584 1399 738 1462 hunc
767 1399 982 1462 nodum
1012 1398 1372 1484 quaestionis
1398 1397 1733 1472 solverent,
1779 1408 1834 1458 et
1865 1398 2311 1474 concluserunt,
2359 1399 2515 1484 quod
2544 1398 2687 1465 Ani-

586 1520 676 1562 ma
705 1498 963 1561 humana
995 1519 1113 1561 non
1153 1498 1226 1560 sit
1268 1499 1375 1562 nisi
1417 1519 1594 1583 quam
1641 1495 1878 1572 aether,
1932 1507 1989 1586 et
2034 1499 2190 1582 quod
2238 1499 2519 1583 cogitatio
2564 1521 2681 1564 non

583 1598 688 1661 nisi
720 1619 896 1682 qnam
943 1595 1304 1660 modificatio
1340 1597 1596 1662 aetheris
1636 1619 1739 1683 per
1780 1597 1966 1659 lucem
2010 1598 2177 1669 solis,
2234 1619 2304 1661 ac
2349 1598 2555 1663 aether
2599 1609 2685 1664 est

582 1709 856 1770 naturae;
904 1708 963 1760 et
992 1699 1282 1773 dixerunt,
1325 1701 1454 1784 quis
1483 1719 1602 1760 non
1629 1697 1756 1772 scit,
1799 1697 1955 1784 quod
1991 1697 2307 1783 loquamur
2335 1720 2438 1787 per
2466 1705 2683 1774 aerem,

581 1809 639 1861 et
666 1798 803 1883 qnid
837 1799 1114 1883 cogitatio
1146 1797 1253 1860 nisi
1281 1821 1459 1882 quam
1502 1799 1737 1883 loquela
1773 1799 1830 1859 in
1873 1797 2108 1885 puriore
2140 1804 2309 1874 aere,
2345 1800 2465 1884 'qui
2509 1819 2684 1864 voca·

583 1909 679 1962 tur
714 1898 957 1973 aether,
1010 1897 1147 1961 inde
1188 1907 1273 1962 est
1314 1901 1470 1984 quod
1518 1899 1800 1985 cogitatio
1844 1908 1901 1959 et
1945 1896 2180 1984 loquela
2223 1921 2403 1963 unum
2444 1898 2681 1975 saciant,

583 2000 709 2085 quis
737 1996 854 2060 hoc
895 2020 1010 2062 non
1041 2007 1228 2082 potest
1264 2000 1739 2064 animadvertere
1780 2021 1852 2063 ex
1892 1997 2130 2062 homine
2170 1999 2306 2062 dum
2343 2000 2536 2065 infans
2574 2010 2682 2075 est,

582 2101 629 2163 is
657 2099 908 2184 primum
941 2097 1105 2162 discit
1140 2098 1330 2184 loqui,
1387 2109 1445 2162 et
1482 2100 1809 2165 successive
1856 2099 2016 2184 loqui
2056 2121 2286 2175 serum,
2340 2110 2398 2162 et
2441 2097 2556 2163 hoc
2595 2110 2682 2165 est

576 2201 878 2286 ‚cogitarm
936 2199 1070 2284 quid
1103 2208 1240 2262 tunc
1269 2200 1549 2287 cogitatio
1592 2200 1751 2263 aliud
1787 2220 1961 2285 quam
2009 2199 2366 2264 modificatio
2409 2197 2685 2278 aetheriS,

581 2322 651 2364 ac
676 2323 855 2365 sonus
885 2300 1154 2385 loquelae
1181 2300 1320 2387 quid
1351 2301 1508 2364 aliud
1537 2322 1722 2387 quam
1747 2299 2121 2361 modulamen
2157 2302 2312 2387 ejus,
2367 2320 2438 2360 ex
2470 2300 2684 2387 quibus

580 2402 936 2478 decidimus,
989 2403 1147 2487 quod
1177 2400 1422 2477 Anima,
1477 2424 1627 2489 quae
1659 2402 1908 2485 cogitat,
1960 2401 2034 2463 sit
2078 2413 2343 2465 naturae.
2424 2401 2541 2465 Sed
2579 2402 2684 2465 ali·

581 2503 684 2588 qui
715 2523 781 2564 ex
812 2502 954 2577 illis,
1009 2502 1244 2589 quidem
1278 2525 1396 2564 non
1437 2503 1867 2576 dissenserunt,
1920 2502 2021 2564 sed
2066 2512 2285 2565 statum
2329 2502 2687 2587 quaestionis

580 2602 1049 2676 illustraverunt,
1094 2602 1370 2677 direntes,
1411 2604 1575 2688 quod*
1598 2600 1849 2666 Animae
1876 2611 2117 2664 exortae
2145 2602 2278 2676 sint,
2320 2622 2450 2664 cum
2482 2600 2689 2663 aether

583 2724 657 2765 ex
687 2723 901 2787 magno
945 2702 1042 2764 illo
1072 2701 1235 2765 Chao
1263 2725 1322 2765 se
1359 2703 1890 2786 eglomeravit,·et
1933 2699 2091 2785 quod
2135 2710 2276 2765 tunc
2311 2701 2371 2763 in
2411 2721 2686 2787 suprema

580 2803 828 2888 regione
856 2824 916 2865 se
950 2787 1209 2866 diviserit
1252 2803 1309 2863 in
1356 2803 1815 2866 innumerabiles
1854 2800 2189 2864 individuas
2229 2800 2484 2876 formas,
2538 2822 2690 2885 quae

579 2925 644 2968 se
675 2902 993 2965 infundunt
1021 2902 1079 2962 in
1110 2901 1406 2975 homines,
1460 2904 1599 2965 dum
1638 2901 1925 2984 incipiunt
1970 2923 2040 2963 ex
2078 2907 2218 2963 a'ere
2258 2901 2493 2986 puriore
2527 2900 2688 2984 cogi-

579 3013 745 3078 tare,
801 3023 954 3088 quae
998 3012 1138 3066 tunc
1183 3010 1475 3063 vocantur
1514 3000 1780 3065 Animae.
1865 3002 1998 3063 Hoc
2047 3001 2279 3076 audito,
2336 2999 2479 3063 dixit
2520 3000 2689 3076 aliuS,

582 3103 879 3179 concedo,
933 3102 1094 3189 quod
1124 3102 1353 3165 formae
1382 3102 1721 3164 individuae
1750 3101 1827 3163 ab
1856 3101 2092 3166 aethere
2133 3101 2190 3163 in
2231 3100 2476 3186 regione
2516 3121 2688 3188 supe·

581 3208 742 3269 riore
788 3203 1082 3268 formatae
1129 3202 1351 3266 fuerint
1393 3200 1887 3274 innumerabiles,
1938 3202 2038 3264 sed
2089 3221 2276 3286 usque
2329 3200 2598 3265 homines
2654 3221 2687 3264 a

580 3306 886 3369 creatione
913 3305 1119 3368 Mundi
1146 3304 1270 3367 nati
1301 3322 1608 3366 numerum
1649 3301 1883 3363 illarum
1923 3310 2333 3379 excesserunt,
2389 3303 2689 3388 quomodo

577 3414 726 3469 tunc
753 3406 980 3469 formae
1010 3404 1143 3465 illae
1173 3404 1484 3480 aethereae
1523 3401 1791 3466 sufficere
1832 3412 2177 3489 potuerunt,
2230 3422 2417 3488 quare
2458 3421 2688 3465 mecum

582 3505 880 3589 cogitavi,
932 3504 1092 3590 quod
1118 3500 1365 3568 Animae
1393 3511 1674 3568 exeuntes
1703 3524 1773 3564 ex
1802 3524 1903 3564 ore
1930 3502 2234 3565 hominum
2265 3503 2406 3566 dum
2445 3502 2689 3577 obeunt,

582 3614 720 3693 post
765 3604 990 3692 aliquot
1042 3603 1220 3666 millia
1264 3624 1557 3667 annorum
1602 3601 1849 3666 redeant
1893 3603 1966 3665 ad
2010 3603 2286 3677 eosdem,
2333 3623 2405 3665 ac
2440 3602 2691 3666 similem

580 3704 773 3793 priori
802 3705 983 3768 vitam
1012 3704 1213 3767 ineant
1238 3715 1295 3767 et
1326 3711 1640 3791 peragant3
1698 3702 1857 3787 quod
1891 3704 2055 3767 multi
2083 3725 2150 3767 ex
2182 3702 2547 3787 sapientibus
2588 3724 2690 3788 pa·-

576 3804 717 3869 rilia
747 3813 806 3867 et
833 3804 1369 3893 Metempsychosin
1399 3803 1676 3877 credant,
1711 3811 1915 3866 notum
1944 3812 2046 3867 est.
2099 3801 2485 3867 praeterens
2511 3802 2690 3865 etiam
2716 3792 2721 3798 ⁵

576 3927 618 3970 a
651 3903 893 3990 reliquis
917 3923 1155 3991 sparsae
1182 3915 1317 3969 sunt
1346 3904 1503 3979 aliae
1528 3904 1940 3989 conjecturae,
1996 3922 2171 3989 quas,
2223 3901 2360 3988 quia
2396 3912 2562 3966 erant
2605 3901 2692 3963 in·

571 4006 821 4081 saniae,
864 4013 1190 4091 praetereo.
1270 4005 1410 4068 Post
1446 4001 1721 4068 horulam
1753 4003 1927 4068 rediit
1954 3998 2276 4077 Sacerdos,
2324 4012 2382 4064 et
2412 4000 2692 4073 tuncino,

575 4107 687 4194 qui
730 4107 891 4192 prius
919 4105 992 4167 de
1024 4104 1339 4169 Creatione
1369 4103 1651 4171 Universi
1689 4123 1725 4168 a
1765 4104 1895 4168 Deo
1938 4103 2215 4189 loquutus
2254 4109 2374 4176 est,
2429 4098 2699 4164 narravit

571 4206 664 4271 illi
697 4206 890 4273 decisa
917 4206 1152 4276 illorum
1183 4204 1256 4269 de
1278 4201 1529 4281 Anima3
1582 4203 1799 4291 quibus
1825 4202 2040 4270 auditis
2066 4200 2358 4264 Sacerdos
2391 4198 2533 4259 dixit
2566 4196 2694 4266 illis,
