3309 4775
738 384 779 432 l.
859 381 1085 434 DEUS
1129 381 1567 435 CREATOR.
1625 413 1691 424 —
1757 384 1902 435 DE1
1943 383 2409 439 ESSENTIA.
2546 398 2616 447 ⁶7

531 538 697 601 Deo:
753 536 899 600 baec
946 558 1066 599 non
1103 533 1231 599 fieri
1275 535 1624 621 potuissent,
1676 537 1786 601 nisi
1832 558 1866 600 a
1913 537 2042 601 Deo
2086 537 2382 622 provisum
2424 537 2620 616 fuerit,

524 648 593 703 *ut
622 638 800 701 bomo
826 639 888 700 in
913 638 1084 701 totali
1110 637 1444 724 ignorantia
1473 647 1830 702 nasceretur.
1883 628 2045 703 ¹Post
2088 638 2201 701 boc
2245 636 2482 705 effatum
2514 662 2621 706 vo·

529 740 764 802 luerunt
808 760 1046 813 omnes,
1099 748 1162 801 ut
1202 760 1271 801 ex
1314 739 1608 806 ventilatis
1645 736 1815 803 fieret
1856 738 2241 815 Conclusam,
2295 751 2354 804 et
2399 740 2620 804 facturn

528 850 616 904 est
644 838 790 922 hoc,
846 838 1063 918 „Quod
1101 839 1278 905 homo
1309 849 1586 904 nascatur
1612 841 1673 903 in
1702 838 1921 903 nullam
1950 840 2285 917 scientiam,
2338 850 2404 903 ut
2442 842 2623 928 possit

532 943 733 1004 venire
759 941 818 1002 in
865 961 1131 1016 omnem,
1186 951 1244 1005 et
1292 942 1564 1027 progredi
1604 942 1664 1003 in
1701 940 2176 1028 intelligentiam,
2226 952 2284 1004 et
2324 964 2429 1029 per
2467 941 2620 1006 hanc

525 1044 587 1106 in
616 1042 995 1129 sapientiam;
1049 1050 1107 1104 et
1137 1042 1293 1128 quod
1324 1052 1600 1105 nascatur
1637 1043 1698 1104 in
1726 1042 1949 1106 nullum
1996 1064 2289 1118 amorem,
2343 1054 2406 1106 ut
2445 1043 2623 1129 possit

526 1143 737 1206 venire
752 1141 823 1209 ,in
854 1163 1118 1217 omnem,
1176 1164 1278 1230 per
1308 1142 1731 1230 applicationes
1770 1144 2144 1206 scientiarum
2186 1165 2258 1207 ex
2295 1144 2623 1230 intelligen—

533 1246 648 1319 tia,
702 1253 759 1306 et
815 1242 873 1304 in
927 1264 1186 1306 amorem
1242 1243 1301 1304 in
1352 1242 1542 1308 Deum
1601 1265 1707 1328 per
1758 1265 2018 1308 amorem
2076 1264 2214 1330 erga
2270 1245 2620 1333 proximum,

530 1355 591 1408 et
633 1344 714 1407 sic
767 1345 1039 1430 conjungi
1094 1344 1257 1417 Deo,
1320 1352 1379 1406 et
1423 1366 1529 1433 per
1571 1344 1712 1407 illud
1766 1342 1891 1409 fieri
1941 1344 2149 1420 bomo,
2204 1354 2262 1407 et
2310 1345 2513 1410 vivere
2558 1348 2617 1410 iu

524 1454 897 1508 aeternum.“
2290 1528 2298 1536 .

636 1554 647 1576 ⁴·
679 1545 824 1609 Post
852 1533 999 1608 haec
1024 1554 1357 1608 sumserunt
1386 1544 1699 1621 Chartam,
1753 1555 1811 1608 et
1843 1545 2077 1610 tertium
2120 1545 2435 1630 obiectum
2478 1559 2619 1612 ven·

523 1645 806 1710 tilationis
836 1647 1130 1731 legerunt,
1185 1646 1340 1732 quod
1369 1656 1530 1721 erat,
1583 1647 1759 1726 Qum
1790 1665 2140 1711 sromrrcn·
2166 1645 2387 1711 Annon
2413 1669 2618 1724 viui-2,

518 1768 683 1824 Qum
711 1746 934 1810 Annon
957 1766 1277 1810 semmua
1300 1767 1448 1811 nom
1477 1767 1554 1810 ΕΤ
1580 1768 1736 1811 mu
1758 1795 1773 1822 ,
1826 1769 1903 1812 ΕΤ
1930 1768 2089 1825 an
2122 1769 2266 1811 Esus
2303 1767 2391 1813 Ex
2427 1767 2615 1820 ιιιιες

517 1859 577 1910 et
607 1857 975 1932 rogaverunt
1003 1870 1234 1922 omnes,
1290 1858 1352 1910 ut
1381 1848 1461 1911 illi
1506 1850 1604 1934 qui
1634 1850 1711 1911 ab
1739 1847 1985 1911 Oriente
2018 1858 2224 1924 erant,
2273 1851 2619 1916 evolverent

516 1950 633 2013 hoc
678 1948 1015 2024 Arcanum,
1070 1952 1207 2035 quia
1256 1949 1655 2035 profundioris
1701 1949 2029 2018 intellectus
2075 1959 2197 2024 est,
2250 1960 2309 2013 et
2353 1951 2489 2038 quia
2533 1950 2617 2015 iili

509 2053 723 2137 quiex
753 2051 1000 2114 Oriente
1027 2060 1193 2124 suut,
1243 2052 1300 2112 in
1330 2049 1601 2116 flammea
1630 2052 1789 2123 luce,
1845 2050 1957 2115 hoc
1996 2060 2113 2124 est,
2165 2051 2224 2113 in
2265 2052 2481 2116 amoris
2520 2073 2613 2116 sa·

506 2153 739 2240 pientia
769 2161 936 2225 sunt,
988 2160 1048 2215 et
1075 2150 1221 2214 baec
1251 2152 1536 2238 sapientia
1568 2152 1911 2236 intelligitur
1955 2174 2056 2238 per
2090 2152 2344 2215 Hortum
2375 2153 2610 2230 Edenis,

499 2256 560 2317 in
615 2276 750 2337 quo
794 2251 926 2315 illae
973 2254 1124 2322 duae
1169 2250 1430 2316 Arbores
1475 2254 1697 2339 positae
1743 2253 2012 2326 fuerunt3
2065 2262 2122 2315 et
2168 2254 2615 2339 responderunt,

496 2357 812 2429 dicemus»,
865 2354 965 2418 sed
1007 2355 1144 2441 quia
1186 2352 1364 2418 homo
1411 2375 1526 2420 non
1569 2356 1746 2418 sumit
1786 2355 2099 2441 quicquam
2145 2375 2213 2418 ex
2252 2375 2343 2430 se,
2396 2355 2500 2420 sed
2540 2378 2610 2420 ex

492 2460 660 2531 Deo,
738 2456 997 2520 dicemus
1024 2476 1093 2518 ex
1126 2455 1293 2540 Ipso,
1339 2464 1399 2517 at
1428 2478 1608 2542 usque
1639 2478 1670 2518 a
1704 2457 1872 2519 nobis
1896 2456 2044 2519 sicut
2075 2478 2108 2518 a
2136 2455 2333 2529 nobis;
2388 2464 2446 2519 et
2474 2466 2612 2519 tunc

488 2560 825 2623 dixerunt:
888 2555 1088 2621 Arbor
1129 2557 1418 2642 significat
1464 2556 1792 2633 hominem,
1848 2568 1904 2620 et
1953 2555 2177 2620 fructus
2220 2557 2344 2642 ejus
2387 2555 2611 2620 bonum

494 2665 703 2735 vitae,
767 2657 905 2720 inde
952 2679 1054 2744 per
1101 2658 1390 2721 Arborem
1442 2658 1597 2722 vitae
1644 2655 2012 2744 significatur
2055 2655 2232 2720 bomo
2286 2658 2492 2721 vivens
2543 2679 2613 2720 ex

500 2762 679 2832 Deo;
740 2769 803 2822 et
836 2758 972 2841 quia
1012 2779 1180 2822 amor
1205 2767 1265 2820 et
1291 2758 1606 2843 sapientia,
1660 2779 1731 2820 ac
1758 2758 2014 2825 charitas
2048 2767 2111 2830 et
2143 2755 2316 2834 fides,
2367 2778 2471 2821 seu
2508 2758 2614 2820 bo-

496 2883 647 2925 num
692 2870 757 2924 et
807 2879 1046 2934 verum,
1101 2857 1325 2921 faciunt
1371 2859 1545 2922 vitam
1591 2858 1705 2922 Dei
1751 2860 1809 2920 in
1849 2857 2118 2932 homine,
2172 2879 2276 2944 per
2318 2857 2609 2922 Arborem

494 2965 668 3027 vitae
702 2958 1078 3045 significatur
1104 2959 1282 3022 homo
1310 2959 1370 3021 in
1402 2982 1518 3045 quo
1548 2959 1643 3022 illa
1675 2968 1807 3021 sunt
1836 2981 1868 3022 a
1899 2959 2059 3034 Deo,
2113 2968 2169 3022 et
2207 2959 2341 3021 inde
2371 2958 2452 3022 illi
2487 2959 2607 3025 vita

493 3074 792 3130 aeterna:
849 3060 1057 3124 similia
1086 3059 1492 3145 significantur
1522 3081 1625 3146 per
1652 3058 1941 3123 Arborem
1974 3060 2159 3134 vitae,
2211 3082 2244 3125 e
2283 3081 2399 3147 qua
2440 3059 2605 3124 dabi-

491 3177 597 3230 tur
639 3165 866 3235 edere,
921 3161 1232 3249 Apoc..11:
1283 3167 1337 3224 7.
1411 3161 1549 3245 Cap.
1599 3148 1826 3224 xxlli
1869 3165 1923 3224 2.
1979 3162 2075 3223 14.
2154 3160 2272 3225 Per
2311 3159 2601 3226 Arborem

483 3265 790 3332 scientiae
823 3264 963 3326 boni
993 3272 1049 3324 et
1081 3261 1214 3325 mali
1241 3261 1603 3346 significatur
1634 3260 1813 3324 homo
1854 3262 2094 3325 credens
2132 3262 2290 3348 quod
2329 3262 2492 3325 vivat
2532 3284 2603 3326 ex

486 3393 591 3445 se,
648 3376 713 3429 et
764 3386 887 3427 non
934 3386 966 3426 a
1009 3364 1171 3436 Deo,
1224 3365 1303 3426 ita
1357 3362 1513 3448 qnod
1568 3382 1738 3424 amor
1782 3373 1840 3424 et
1883 3364 2199 3448 sapientia,
2252 3362 2503 3427 charitas
2543 3371 2603 3427 et

483 3471 677 3543 fides,
728 3467 850 3529 hoc
877 3473 990 3536 est,
1045 3464 1262 3527 bonum
1303 3474 1360 3526 et
1400 3484 1638 3539 verum,
1690 3463 1891 3526 sintin
1933 3464 2167 3526 homine
2193 3463 2346 3548 ejus,
2386 3473 2445 3528 et
2481 3485 2601 3529 non

486 3573 641 3645 Dei,
702 3569 826 3631 hoc
856 3566 1098 3629 credens
1122 3566 1258 3650 quia
1286 3567 1504 3649 cogitat
1529 3573 1586 3625 et
1614 3564 1793 3639 vult,
1823 3585 1893 3628 ac
1922 3564 2181 3651 loquitur
2224 3563 2497 3641 etfacit,
2539 3564 2600 3628 in

482 3675 658 3737 omni
686 3666 1074 3732 similitudine
1115 3676 1172 3729 et
1202 3667 1542 3752 apparentia
1574 3665 1722 3728 sicut
1751 3688 1821 3730 ex
1849 3687 1938 3737 se;
1991 3675 2052 3741 et
2080 3665 2216 3750 quia
2245 3665 2423 3729 homo
2462 3663 2599 3730 inde

480 3774 602 3839 sibi
641 3769 1005 3858 persuadet,
1060 3768 1215 3852 quod
1244 3766 1419 3831 etiam
1447 3767 1518 3830 sit
1545 3766 1736 3836 Deus,
1790 3767 1921 3829 ideo
1959 3766 2102 3829 dixit
2143 3786 2382 3852 serpens
2426 3766 2600 3842 „No-

475 3878 585 3943 vit
611 3873 794 3938 Deus
811 3917 827 3944 ,
885 3891 1002 3959 quo
1041 3866 1138 3932 die
1164 3866 1539 3933 comederitis·
1578 3865 1653 3932 de
1669 3861 1891 3954 fructu
1933 3865 2100 3932 illius
2144 3866 2376 3932 arboris
2390 3914 2407 3941 ,
2457 3889 2599 3961 ape·

477 3983 730 4044 rientur
771 3967 962 4036 Oculi
985 3973 1202 4045 vestri,
1245 3984 1300 4035 et
1341 3971 1507 4033 eritis
1543 3971 1697 4032 sicut
1738 3967 1905 4032 Deus
1924 4016 1940 4043 ,
1991 3970 2242 4032 scientes
2282 3968 2498 4040 bonum
2539 3980 2597 4032 et

471 4076 783 4152 malum,“
838 4069 1053 4136 Genes.
1096 4068 1213 4131 lll:
1263 4074 1317 4132 5.
1399 4069 1516 4134 Per
1542 4069 1721 4133 Esum
1749 4090 1819 4132 ex
1846 4068 1956 4133 illis
1981 4068 2324 4144 arboribus,
2372 4066 2593 4154 signifi-

469 4191 657 4250 catur
695 4174 974 4262 receptio
1015 4181 1072 4235 et
1112 4170 1539 4258 appropriatio,
1596 4192 1699 4258 per
1727 4170 1905 4235 Esum
1942 4190 2014 4233 ex
2050 4171 2265 4234 arbore
2306 4169 2461 4231 vitae
2502 4187 2595 4230 re·

471 4281 681 4374 ceptio
717 4278 885 4347 vitae
906 4280 1224 4347 aeternae,
1278 4279 1336 4333 et
1365 4292 1468 4359 per
1497 4270 1678 4335 Esum
1704 4291 1774 4334 ex
1803 4271 2016 4335 arbore
2052 4268 2326 4333 scientiae
2367 4265 2505 4326 boni
2536 4272 2595 4325 et

2052 4368 2102 4429 Ε
2139 4364 2176 4404 at
