3309 4775
691 362 737 418 1.
819 361 1048 415 nnus
1092 359 1536 426 CREATOR,
1582 390 1647 401 -
1715 358 2189 414 mmm‘rAs
2228 325 2401 417 nm.
2518 372 2584 422 tu

501 537 536 581 e
563 517 776 601 Regno
803 513 1042 578 animali
1076 534 1243 578 sume
1284 513 1467 600 pisces
1508 515 1714 589 maris,
1769 516 1868 601 qui
1905 516 1953 579 si
1996 497 2313 579 secundnm
2363 515 2588 600 copiam

498 618 787 683 seminum
832 614 1390 703 multiplicarentur,
1434 607 1587 679 intra
1633 620 1717 680 20
1760 626 1860 680 aut
1909 621 1989 679 50
2034 615 2236 680 Annos
2278 615 2591 702 implerent

499 718 840 793 Oceanum,
894 738 1078 803 usque
1106 724 1169 778 ut
1196 725 1495 781 constaret
1533 739 1604 781 ex
1633 719 1807 782 meris
1837 716 2118 803 piscibus,
2169 729 2227 779 et
2257 715 2389 780 inde
2419 715 2589 802 Aqua

499 820 626 906 ejus
654 818 987 882 universam
1015 816 1264 880 Terram
1305 817 1618 881 inundaret
1647 828 1707 880 et
1740 819 1824 881 sic
1853 818 2158 904 perderet;
2212 818 2313 883 sed
2359 839 2431 880 ne
2477 815 2591 881 boc

496 918 697 1005 fieret,
750 942 783 982 a
826 919 956 983 Deo
995 918 1292 1004 provisum
1326 927 1444 993 est,
1497 928 1561 982 ut
1607 919 1777 1005 piscis
1821 919 2054 983 cederet
2100 920 2238 1008 pisci
2277 920 2336 982 in
2375 939 2588 983 escam.

497 1021 700 1085 Simile
732 1018 886 1084 foret
915 1040 1044 1082 cum
1074 1020 1394 1084 seminibus
1421 1020 1857 1106 vegetabilium,
1901 1042 2052 1108 quae
2080 1021 2125 1085 si
2154 1020 2418 1094 totidem,
2445 1028 2591 1107 quot

499 1143 576 1186 ex
619 1143 737 1185 uno
779 1119 1094 1208 quotannis
1136 1128 1489 1207 exsurgunt,
1544 1121 1982 1209 plantarentur,
2035 1121 2190 1186 intra
2232 1127 2314 1184 ‘20
2359 1131 2460 1184 aut
2503 1124 2583 1184 30

501 1244 692 1287 annos
720 1222 1030 1308 implerent
1055 1221 1419 1308 superficiem
1449 1243 1569 1284 non
1595 1223 1773 1286 modo
1807 1223 1976 1286 unius
2004 1222 2245 1297 telluris,
2286 1222 2386 1285 sed
2416 1223 2592 1285 etiam

501 1324 790 1409 plurinm;
845 1322 1059 1386 dantur
1086 1324 1237 1384 enim
1273 1322 1558 1409 virgulta,
1613 1346 1862 1410 quornm
1912 1323 2349 1409 unumquodvis
2390 1343 2590 1388 semen

497 1424 772 1512 producit
817 1432 1061 1486 centena
1107 1431 1166 1485 et
1204 1423 1438 1487 millena
1485 1423 1629 1494 alia;
1682 1424 1943 1512 experire
1988 1423 2131 1488 illud
2172 1424 2431 1499 calculo,
2485 1424 2592 1487 du·

498 1525 690 1589 cende
718 1523 1164 1611 productionem
1193 1524 1366 1589 unius
1406 1525 1683 1588 continue
1720 1525 1778 1587 in
1823 1529 1907 1588 20
1935 1534 2037 1587 aut
2078 1528 2192 1600 30,
2237 1534 2295 1587 et
2335 1524 2588 1596 videbis:

495 1647 566 1689 ex
594 1623 683 1689 his
711 1635 769 1687 et
794 1624 906 1687 illis
934 1633 1122 1711 potest
1151 1625 1367 1689 Divina
1400 1626 1770 1689 lmmensitas
1795 1636 1851 1688 et
1879 1621 2245 1700 Aeternitas,
2282 1645 2354 1688 ex
2381 1625 2592 1712 quibus

493 1748 622 1789 non·
644 1734 833 1812 potest
862 1747 978 1790 non
1008 1726 1193 1790 instar
1221 1726 1496 1813 produci,
1548 1726 1606 1788 in
1638 1726 1933 1791 communi
1967 1727 2221 1814 quadam
2264 1725 2467 1802 sacie,'
2500 1727 2587 1788 vi·

494 1826 637 1891 deri.
720 1826 820 1891 lv.
868 1826 1134 1892 lnfinitas
1161 1828 1270 1891 Dei
1317 1849 1516 1891 coram
1561 1827 1822 1891 Ratione
1861 1826 2148 1893 illustrata
2190 1828 2365 1892 etiam
2397 1838 2590 1914 potest

492 1949 783 2016 apparere
829 1949 899 1990 ex
945 1926 1264 2005 infinitate,
1320 1929 1377 1991 in
1425 1951 1599 2014 quam
1665 1948 1933 1993 crescere
1986 1937 2177 2016 potest
2223 1930 2594 2017 unaquaevis

494 2029 757 2105 scientia,
805 2038 864 2091 et
890 2031 1024 2095 inde
1051 2030 1307 2114 cujusvis
1333 2030 1717 2115 intelligentia
1746 2041 1804 2093 et
1830 2030 2112 2116 sapientia
2132 2078 2148 2105 ‚
2190 2052 2438 2118 quarum
2470 2051 2586 2093 una

494 2139 556 2193 et
583 2121 768 2194 altera
796 2152 1059 2195 crescere
1088 2139 1277 2218 potest
1304 2131 1455 2196 sicut
1482 2132 1665 2195 arbor
1691 2153 1760 2194 ex
1787 2131 2135 2207 seminibus,
2189 2152 2259 2195 ac
2296 2131 2503 2221 sylvae
2528 2139 2589 2195 et

493 2229 652 2294 horti
681 2252 749 2295 ex
791 2231 1130 2323 arboribus,
1181 2253 1317 2295 nam
1355 2254 1471 2295 non
1502 2232 1678 2296 datur
1703 2230 1835 2300 finis
1859 2231 2124 2308 illarum,
2172 2232 2452 2296 memoria
2480 2230 2587 2295 ho-

492 2332 667 2398 minis
695 2341 782 2398 est
809 2331 1044 2398 illarum
1073 2333 1316 2410 humus,
1369 2356 1439 2399 ac
1466 2332 1794 2398 intellectus
1839 2341 1925 2398 est
1967 2334 2067 2398 ubi
2099 2332 2330 2398 illarum
2371 2333 2586 2421 germi-

492 2434 688 2511 natio,
741 2455 811 2498 ac
851 2434 1127 2500 voluntas
1164 2436 1264 2499 ubi
1308 2437 1540 2500 illarum
1572 2434 1972 2508 fructificatio;
2027 2456 2097 2498 ac
2136 2436 2308 2500 binae
2348 2434 2459 2498 hae
2498 2434 2585 2498 fa-

491 2535 770 2609 cultates,
810 2535 1139 2600 intellectus
1177 2546 1234 2601 et
1276 2536 1582 2613 voluntas,
1627 2537 1772 2600 tales
1806 2544 1974 2612 sunt,
2021 2545 2083 2599 nt
2126 2536 2311 2599 excoli
2350 2547 2405 2599 et
2454 2557 2585 2623 per-

489 2633 588 2699 fici
623 2636 842 2723 possint
876 2638 935 2699 in
967 2638 1194 2703 Mundo
1235 2638 1309 2700 ad
1350 2636 1522 2701 finem
1565 2639 1756 2712 vitae,
1810 2645 1868 2699 et
1911 2645 2110 2722 postea
2159 2638 2214 2698 in
2260 2645 2585 2700 aeternnm.

488 2737 563 2801 V.
595 2735 861 2801 Infinitas
889 2737 1000 2800 Dei
1030 2738 1328 2803 Creatoris
1353 2724 1527 2801 etiam
1555 2738 1743 2803 videri
1774 2746 1962 2825 potest
1990 2760 2056 2800 ex
2085 2735 2312 2800 infinito
2341 2758 2587 2800 numero

489 2837 844 2914 Stellarum,
896 2861 1047 2924 quae
1095 2838 1336 2901 totidem
1381 2839 1548 2903 Soles
1586 2847 1755 2914 sunt,
1811 2847 1869 2900 et
1910 2838 2044 2900 inde
2076 2839 2315 2901 totidem
2350 2836 2589 2912 Mundi;

491 2940 652 3024 quod
692 2940 754 3001 in
797 2938 977 3002 Caelo
1020 2939 1291 3004 astrifero
1330 2939 1503 3004 etiam
1547 2940 1762 3003 dentur
1805 2938 2108 3013 Tellures,
2159 2959 2337 3025 super
2377 2939 2588 3023 quibus

492 3038 798 3115 homines,
857 3039 1113 3115 bestiae,
1167 3062 1345 3114 aves,
1414 3050 1470 3104 et
1529 3039 1920 3126 vegetabilia,
1971 3049 2144 3115 sunt,
2214 3041 2274 3103 in
2328 3041 2581 3125 quodam

492 3141 797 3229 Opusculo
827 3162 897 3204 ex
927 3142 1065 3206 visis
1094 3141 1383 3228 descripto
1412 3149 1709 3204 ostensum
1741 3150 1843 3205 est.
1910 3139 2015 3206 vl.
2055 3138 2319 3204 Infinitas
2344 3141 2457 3204 Dei
2483 3141 2587 3204 ad-

487 3240 604 3306 huc
630 3242 961 3307 evidentius
989 3241 1126 3305 mihi
1166 3242 1424 3306 constitit
1465 3263 1536 3306 ex
1566 3242 1747 3306 Caelo
1776 3240 2091 3328 Angelico,
2143 3251 2201 3305 et
2238 3262 2468 3327 quoque
2512 3263 2582 3305 ex

488 3342 762 3419 Inferno,
815 3343 970 3430 quod
1000 3343 1095 3406 illa
1125 3343 1242 3407 duo
1273 3344 1332 3406 in
1372 3344 1712 3408 innumeras
1737 3343 2059 3407 Societates
2098 3352 2200 3407 aut
2244 3342 2583 3429 Congrega-

486 3446 676 3509 tiones
700 3447 1021 3509 secundum
1063 3466 1267 3508 omnes
1303 3446 1622 3510 varietates
1659 3445 1878 3508 amoris
1925 3444 2064 3508 boni
2105 3453 2163 3507 et
2204 3444 2370 3519 mali,
2423 3445 2583 3509 ordi·

486 3554 625 3611 nata
656 3555 715 3609 et
747 3548 1090 3610 coordinata
1122 3545 1267 3620 sint,
1320 3556 1379 3609 et
1412 3546 1568 3632 qnod
1610 3547 2011 3632 unusquisque
2048 3544 2367 3609 secundum
2410 3567 2580 3609 suum

485 3667 749 3710 amorem
777 3648 1060 3710 sortiatur
1085 3648 1308 3716 locum;
1363 3656 1499 3710 sunt
1527 3647 1683 3710 enim
1713 3668 1920 3710 omnes
1947 3647 2026 3710 ihi
2057 3668 2127 3710 ex
2155 3645 2435 3710 Humano
2464 3644 2576 3708 Ge-

483 3768 661 3822 nerec,
715 3770 746 3811 a
797 3746 1108 3811 Creatione
1146 3745 1351 3809 Mundi
1402 3747 1663 3823 collecti,
1718 3758 1775 3809 et
1820 3749 1880 3811 in
1919 3748 2166 3811 Saecula
2210 3747 2577 3810 saeculorum

486 3847 832 3935 colligendi;
885 3857 944 3911 et
971 3848 1129 3934 quod
1155 3848 1384 3912 tametsi
1416 3848 1707 3912 unicuivis
1732 3857 1819 3912 est
1857 3870 1996 3912 suus
2035 3847 2199 3912 locus
2223 3871 2326 3911 seu
2354 3871 2459 3911 sna
2489 3869 2580 3912 se-

484 3948 619 4025 des,
673 3968 857 4037 usque
884 3970 1086 4014 omnes
1109 3948 1190 4012 ibi
1217 3948 1298 4012 ita
1327 3949 1625 4034 conjuncti
1651 3949 1800 4026 sint,
1853 3959 1918 4013 ut
1948 3948 2304 4013 Universum
2335 3948 2577 4013 Caelum

481 4048 832 4138 Angelicum
859 4071 1039 4114 unum
1069 4050 1351 4114 Divinum
1381 4051 1737 4126 Hominem,
1788 4071 1859 4114 ac
1888 4049 2244 4114 Universum
2276 4050 2579 4141 Internum

480 4173 663 4215 unum
695 4159 1089 4216 monstrosum
1119 4151 1471 4228 Diabolum,
1525 4159 1960 4240 repraesentet;
2014 4171 2084 4215 ex
2125 4150 2215 4214 his
2253 4151 2480 4215 duobus
2519 4156 2580 4211 et

475 4273 548 4318 ex
604 4252 843 4320 infinitis
888 4251 1255 4319 mirabilibus
1301 4251 1381 4315 inu
1410 4253 1553 4330 illis,
1609 4251 1979 4317 Immensitas
2025 4272 2137 4315 una
2194 4271 2322 4313 cum
2371 4249 2579 4312 Omni-
