3309 4775
833 379 881 435 1.
961 379 1189 433 DEUS
1234 380 1678 436 CREATOR.
1725 410 1791 420 --
1850 381 2180 436 UNITAS
2224 383 2394 440 DEI.
2626 396 2655 446 7

571 545 732 601 taxat
758 533 1125 610 enuntiatum
1157 532 1302 609 oris,
1349 542 1409 596 et
1437 555 1609 598 omne
1637 534 2060 618 Theologicurn
2088 534 2199 598 illis
2226 557 2345 599 non
2372 537 2529 601 aliud
2556 547 2660 616 est,

571 659 748 726 quam
787 636 938 701 sicut
972 633 1206 698 Idolum
1245 655 1316 697 ex
1357 654 1503 699 auro
1541 635 1829 701 inclusum
1870 636 2116 712 scrinio,
2165 637 2240 699 ad
2281 636 2437 724 quod
2479 637 2659 704 clavis

570 739 646 803 ad
685 735 1060 825 aperiendum
1106 744 1193 799 est
1231 736 1419 799 solum
1449 736 1602 821 apud
1638 737 1953 813 antistites»,
2001 746 2058 802 et
2084 736 2165 801 illi
2196 738 2429 824 quamdo
2458 738 2659 827 legunt

570 840 864 915 Verbum,
909 859 1030 900 non
1060 836 1385 924 percipiunt
1413 837 1667 925 aliquam
1696 837 1887 901 lucem
1918 839 1997 900 ibi
2029 848 2087 901 et
2114 839 2280 916 inde,
2322 849 2380 903 et
2417 861 2492 904 ne
2532 842 2658 928 qui-

570 940 703 1004 dem
734 939 893 1027 quod
918 938 1078 1003 Deus
1106 959 1254 1001 unus
1280 938 1382 1010 sit;
1429 938 1691 1002 Verbum
1721 939 1833 1004 illis
1860 948 1946 1003 est
1982 940 2131 1003 sicut
2169 939 2358 1004 lituris
2398 943 2657 1008 macula-

571 1051 730 1116 tum,
781 1050 840 1103 et
881 1039 1074 1127 quoad
1115 1039 1395 1101 unitatem
1429 1039 1537 1102 Dei
1566 1040 1897 1113 obtectum;
1945 1039 2001 1102 hi
2041 1050 2176 1105 sunt
2212 1041 2309 1128 qui
2337 1062 2370 1105 a
2399 1043 2655 1107 Domino

574 1142 994 1207 describuntur
1019 1140 1170 1229 apud
1199 1139 1563 1204 Matthaeum
1604 1139 1881 1215 „Audita
1917 1141 2210 1218 audietis,
2250 1157 2307 1208 et
2340 1168 2462 1208 non
2489 1142 2659 1209 intel-

577 1243 807 1333 ligetis,
844 1255 899 1307 et
923 1240 1196 1307 videndo
1224 1240 1540 1316 videbitis,
1582 1256 1638 1306 et
1666 1265 1787 1305 non.
1815 1246 2094 1306 cernetis.-
2147 1242 2356 1309 oculos
2382 1268 2528 1309 suos
2564 1269 2661 1309 oc-

573 1343 909 1418 cluserunt,
958 1365 1033 1405 ne
1051 1339 1231 1427 forte
1269 1340 1518 1405 videant
1559 1341 1753 1407 oculis
1790 1348 1947 1412 suis,
2003 1358 2059 1405 et
2098 1345 2347 1410 auribus
2384 1344 2658 1420 audiant,

569 1458 628 1508 et
666 1441 847 1509 corde
886 1440 1252 1531 intelligant,
1303 1455 1359 1506 et
1394 1438 1734 1506 convertant
1760 1467 1855 1518 se,
1913 1456 1969 1507 et
1996 1467 2198 1530 saneqn
2243 1442 2458 1520 illos-,⁴⁸
2514 1445 2653 1533 Cap.

569 1543 750 1609 Xlll:
818 1544 918 1607 14.
965 1546 1062 1605 15.
1154 1542 1303 1606 Sunt
1346 1564 1548 1607 omues
1592 1543 1674 1606 itti
1713 1544 1861 1607 sicut
1908 1545 2016 1629 qui·
2048 1544 2233 1607 lucem
2276 1544 2542 1630 fugiunt,
2599 1556 2656 1609 et

570 1645 798 1710 intrant
836 1643 1114 1708 Cameras
1153 1644 1253 1706 ubi
1296 1664 1413 1706 non
1455 1643 1747 1709 fenestrae
1792 1654 1956 1718 sunt,
2010 1656 2066 1710 et
2114 1645 2398 1733 palpitant
2438 1647 2655 1710 circum

570 1748 853 1832 parietes,
899 1754 956 1808 et
985 1753 1277 1830 quaerunt
1304 1744 1404 1807 ubi
1436 1746 1622 1809 victus
1652 1755 1711 1809 et
1737 1746 1837 1809 ubi
1865 1749 2113 1818 nummi;
2161 1757 2219 1809 et
2258 1747 2492 1811 tandem
2534 1748 2656 1811 fae-

566 1857 857 1912 nerantur
884 1846 1071 1911 visum
1101 1855 1449 1908 noctuarum
1476 1847 1719 1910 similem
1737 1895 1752 1921 ‚
1794 1858 1851 1909 et
1879 1848 2077 1911 vident
2106 1848 2164 1911 in
2192 1848 2481 1912 tenebris:
2521 1858 2656 1912 sunt

568 1949 626 2012 hi
653 1948 870 2015 similes
901 1948 1161 2019 mutieri,
1208 1946 1299 2009 cui
1329 1946 1524 2031 plures
1565 1948 1758 2011 mariti
1796 1959 1960 2023 sunt,
2010 1970 2162 2034 quae
2200 1971 2318 2013 non
2362 1959 2447 2012 est
2487 1970 2655 2026 uxor,

568 2050 671 2115 sed
704 2049 921 2114 lasciva
950 2048 1256 2112 meretrix:
1325 2055 1575 2133 suntque
1612 2049 1825 2112 similes
1862 2050 2107 2134 virgini,
2154 2071 2304 2137 quae
2332 2073 2364 2114 a
2394 2051 2656 2137 pluribus

571 2150 763 2238 procis
787 2150 1032 2215 annulos
1061 2149 1301 2235 accipit,
1348 2162 1406 2211 et
1446 2160 1575 2235 post
1615 2150 1850 2236 nuptias
1892 2172 2020 2212 cum
2064 2172 2179 2214 uno
2225 2152 2382 2215 locat
2419 2159 2654 2223 noctes;

568 2260 630 2316 et
658 2273 891 2339 quoque
915 2272 1044 2314 cum
1073 2248 1327 2335 reliquis.

724 2357 781 2416 8.
856 2350 932 2416 11.
988 2350 1176 2431 Qoon
1222 2370 1632 2416 nmvERsAms
1676 2351 1993 2416 innoxos
2037 2373 2078 2416 A
2121 2351 2256 2421 Dsso
2306 2374 2371 2419 m
2418 2372 2654 2418 Animas
2704 2363 2715 2379 ⁸

570 2473 881 2519 nommmu
921 2474 1045 2525 srr,
1100 2473 1275 2530 ouon
1315 2455 1486 2517 Deus
1531 2474 1651 2526 srr,
1724 2475 1799 2516 ET
1850 2473 2025 2529 Quon
2081 2475 2262 2519 Unus.
2347 2454 2524 2534 Quod
2567 2454 2655 2516 in·

565 2554 754 2618 fluxus
811 2555 885 2618 sit
944 2576 975 2617 a
1023 2555 1151 2617 Deo
1210 2555 1270 2616 in
1327 2554 1657 2629 hominem,
1719 2552 2090 2618 manifestum
2143 2565 2229 2619 est
2271 2555 2348 2621 ab
2393 2555 2654 2620 omnium

572 2655 971 2730 confessione,
1025 2656 1179 2740 quod
1228 2677 1399 2717 omne
1447 2657 1700 2732 bonum,
1759 2654 1915 2739 quod
1956 2656 2016 2717 in
2054 2675 2115 2718 se
2152 2656 2376 2720 honum
2418 2665 2535 2732 est,
2596 2664 2655 2718 et

566 2765 656 2820 est
696 2757 755 2818 in
792 2755 1058 2830 homine,
1114 2763 1168 2818 et
1206 2756 1271 2818 fit
1311 2756 1385 2817 ab
1418 2757 1548 2827 illo,
1601 2756 1675 2818 sit
1714 2776 1745 2816 a
1787 2755 1954 2827 Deo,
2001 2755 2267 2821 similiter
2304 2778 2478 2820 omne
2518 2753 2657 2820 cha·
2693 2818 2704 2833 ,

565 2857 756 2921 ritatis
811 2866 870 2918 et
928 2877 1100 2919 omne
1153 2855 1323 2930 fidei,
1384 2877 1520 2919 nam
1568 2855 1798 2940 legitur,
1886 2854 2036 2920 Non
2083 2870 2281 2947 potest
2330 2855 2506 2922 bomo
2554 2880 2654 2920 su·

568 2981 723 3022 mere
764 2960 1111 3048 quicquam,
1173 2960 1296 3020 nisi
1334 2960 1411 3019 sit
1462 2957 1669 3020 datum
1715 2959 1773 3018 ei
1822 2979 1855 3019 e
1911 2953 2127 3030 Caele,
2180 2956 2318 3021 Joh.
2363 2952 2479 3020 Ill:
2537 2961 2650 3021 27:

566 3068 625 3122 et
662 3059 834 3123 Jesus
872 3059 1045 3131 dixit,
1091 3055 1233 3122 Sine
1270 3058 1382 3122 Me
1421 3066 1542 3120 non
1579 3059 1833 3148 potestis
1855 3055 2079 3143 facere
2116 3062 2457 3150 quicquam,
2510 3056 2649 3121 Job.

565 3160 708 3224 XV:
755 3166 814 3234 5,
852 3158 966 3222 hoc
1000 3168 1116 3233 est,
1161 3179 1277 3222 non
1321 3159 1633 3242 quicquam
1678 3158 1834 3243 quod
1878 3156 2176 3222 charitatis
2215 3168 2273 3222 et
2316 3159 2471 3245 quod
2519 3157 2653 3222 fidei

566 3270 670 3324 est.
771 3259 944 3340 Quod
991 3259 1241 3322 influxus
1297 3259 1391 3322 ilte
1450 3261 1521 3321 sit
1576 3260 1633 3320 in
1694 3259 1918 3322 animas
1979 3257 2312 3335 hominum,
2375 3270 2463 3325 est
2513 3259 2652 3344 quia

565 3362 761 3427 anima
804 3371 891 3425 est
931 3361 1196 3424 intimum
1231 3370 1289 3422 et
1323 3381 1653 3445 supremum
1700 3359 1981 3430 hominis.
2039 3369 2111 3423 ec
2160 3359 2410 3426 influxus
2447 3382 2481 3424 a
2520 3360 2651 3423 Deo

560 3461 630 3526 *fit
654 3463 713 3526 in
743 3461 922 3538 illud,
967 3471 1024 3524 et
1054 3461 1186 3523 inde
1214 3460 1506 3524 descendit
1535 3461 1590 3521 in
1623 3461 1718 3522 illa
1749 3482 1901 3546 quae
1942 3460 2092 3524 infra
2134 3471 2304 3537 sunt,
2362 3470 2420 3526 et
2461 3459 2654 3526 vivifi-

568 3571 663 3626 cat
690 3562 784 3626 illa
812 3563 1128 3628 secundum
1158 3563 1583 3649 receptionem:
1639 3561 1793 3624 Vera
1824 3582 1974 3645 quae
2002 3559 2134 3624 fidei
2165 3571 2334 3627 erunt
2354 3611 2370 3639 ,
2414 3562 2649 3650 quidem

565 3662 818 3727 influunt
847 3685 947 3748 per
975 3665 1271 3737 auditum,
1319 3663 1485 3726 etsie
1519 3665 1695 3725 menti
1731 3663 2176 3747 implantantur,
2224 3664 2305 3727 ita
2344 3664 2495 3728 infra
2524 3662 2652 3727 ani·

566 3784 756 3840 mam,
789 3764 889 3828 sed
915 3764 1091 3855 hpmo
1124 3786 1226 3850 per
1252 3762 1400 3827 haec
1428 3785 1566 3828 vera
1597 3762 1774 3826 modo
1803 3763 2127 3848 disponitur
2154 3763 2226 3828 ad
2255 3763 2649 3853 recipiendum

564 3861 849 3928 influxum
876 3887 908 3927 a
938 3864 1064 3928 Deo
1092 3886 1195 3953 per
1226 3864 1499 3939 animam,
1539 3874 1596 3928 et
1626 3863 1813 3950 qualis
1847 3865 2141 3952 dispositio
2168 3873 2275 3940 est,
2310 3865 2441 3930 talis
2466 3865 2530 3928 fit
2559 3886 2650 3928 re-

567 3965 795 4051 ceptio,
839 3974 894 4028 et
927 3966 1057 4029 talis
1093 3966 1529 4030 transformatio
1574 3964 1708 4028 fidei
1746 3964 2029 4029 naturalis
2070 3966 2128 4027 in
2168 3965 2341 4029 fidem
2380 3965 2651 4052 spiritua-

561 4067 696 4131 lem.
778 4065 949 4148 Quod
978 4064 1227 4131 influxus
1255 4088 1287 4130 a
1320 4067 1448 4130 Deo
1477 4066 1536 4129 in
1564 4067 1792 4130 animas
1814 4063 2116 4129 homiuum
2157 4066 2261 4143 sit,
2307 4066 2464 4152 'quod
2492 4066 2653 4129 Deus

563 4159 716 4232 unus
741 4168 845 4244 sit,
881 4175 969 4232 est
996 4169 1132 4254 quia
1163 4188 1334 4230 omne
1360 4167 1640 4234 Divinum
1668 4177 1790 4232 tarn
1816 4166 2226 4231 universaliter
2253 4187 2429 4253 quam
2455 4165 2651 4247 singu-

564 4267 770 4334 lariter
795 4277 1082 4346 sumtum,
1127 4277 1216 4334 est
1239 4269 1438 4347 Deus,
1486 4278 1544 4334 et
1584 4269 1721 4358 quia
1761 4288 1935 4334 omne
1963 4266 2243 4338 Divinum
2276 4265 2549 4328 cohaeret
2592 4269 2652 4321 ut
