3309 4775
717 378 761 431 1.
840 376 1071 431 DEUS
1111 376 1559 434 CREATOR.
1604 408 1671 419 —
1716 378 2118 433 DIVINUM
2158 378 2398 436 ESSE.
2537 393 2608 443 27

502 531 646 621 Ego
671 526 1141 616 Jehovahfacio
1168 532 1371 595 omnia
1386 576 1403 606 ,
1447 528 1740 623 expando
1772 530 1991 597 Caelos
2015 521 2220 607 Sulcis,
2259 545 2317 597 et
2344 533 2608 600 extendo

511 633 792 707 Terram,
837 655 878 695 α
923 631 1036 696 Me
1076 630 1259 722 Ipso,
1303 629 1493 716 Caput
1525 631 1760 697 XLIV:
1807 636 1909 696 24.
1980 632 2057 696 Et
2098 632 2254 720 quod
2299 636 2379 697 sit
2420 631 2608 699 Solus

501 730 707 807 DeuS,
736 744 806 826 ‘et
836 744 1084 824 praeter
1106 732 1316 823 Ipsum
1355 754 1477 794 non
1513 730 1715 806 Deus,
1763 732 1918 818 Esaj.
1962 733 2156 799 XLV:
2205 734 2304 797 14.
2356 737 2455 797 15.
2501 740 2603 800 20.

506 833 609 895 21.
667 831 892 897 Hosch.
925 829 1108 894 xm:
1152 833 1210 893 4.
1264 830 1440 911 Quod
1470 829 1634 895 Deus
1663 853 1781 896 non
1813 831 1990 896 modu
2015 834 2089 897 sit
2116 832 2260 897 Esse
2292 834 2351 895 in
2376 855 2459 909 se,
2503 835 2605 899 sed

480 931 682 996 etiam
711 932 976 996 Existere
1004 932 1064 993 in
1090 950 1184 1005 se,
1229 940 1314 994 est
1342 929 1480 1015 quia
1511 931 1651 996 Esse
1681 932 1790 997 nisi
1816 932 2063 1007 Existat,
2103 953 2226 997 non
2253 942 2339 997 est
2366 932 2607 1019 aliquid,

500 1032 726 1119 pariter
753 1032 1021 1096 Existere
1049 1030 1157 1094 nisi
1189 1030 1262 1094 sit
1292 1051 1374 1093 rex
1396 1029 1577 1118 Esse,
1625 1054 1809 1117 quare
1849 1033 1987 1097 dato
2033 1054 2151 1097 uno
2193 1031 2432 1096 dabitur
2460 1033 2607 1097 alte-

376 1124 382 1129 ’
499 1152 667 1203 rum3
723 1131 989 1196 similiter
1026 1129 1135 1195 nisi
1172 1129 1498 1195 substantia
1541 1133 1720 1196 etiam
1766 1133 1841 1197 sit
1881 1131 2102 1208 forma,
2149 1131 2222 1196 de
2261 1131 2605 1197 Substantia

500 1230 613 1295 nisi
639 1231 712 1296 sit
740 1231 964 1307 forma,
1008 1251 1128 1295 non
1160 1239 1246 1295 est
1285 1231 1506 1316 aliquid
1548 1231 1976 1319 praedicabile,
2021 1242 2080 1296 et
2116 1231 2260 1309 hoc,
2306 1232 2445 1318 quia
2487 1254 2605 1297 non

497 1329 683 1395 habet
713 1333 906 1417 quale,
935 1339 1020 1396 est
1046 1331 1194 1413 infse
1224 1330 1384 1393 nihil.
1442 1330 1619 1410 Quod
1647 1332 1743 1395 hic
1772 1332 2044 1395 dicantur
2061 1332 2207 1397 Esse
2234 1340 2293 1395 et
2321 1331 2606 1409 Existere,

495 1440 558 1494 et
584 1451 705 1495 non
733 1431 999 1495 Essentia
1027 1440 1088 1494 et
1115 1430 1474 1518 Existentia,
1511 1440 1599 1496 est
1628 1432 1766 1517 quia
1804 1430 2279 1516 distinguendum
2320 1440 2408 1494 est
2451 1434 2606 1496 inter

495 1529 642 1595 Esse
670 1539 729 1592 et
758 1530 1120 1605 Essentiam‚
1167 1531 1400 1594 et'inde
1437 1530 1591 1596 inter
1619 1532 1884 1596 Existere
1911 1540 1971 1594 et
1997 1530 2413 1608 Existentiam,
2449 1532 2603 1598 sicut

491 1629 650 1693 iuter
679 1631 839 1719 prius
864 1639 923 1693 et
953 1630 1273 1717 posterius,
1316 1651 1386 1694 ac
1428 1631 1590 1717 prius
1632 1641 1720 1696 est
1758 1632 2146 1696 universalius
2187 1651 2363 1717 quam
2409 1642 2602 1719 poste-

423 1811 431 1820 ἱ
491 1728 644 1804 rius;
691 1730 767 1793 ad
793 1730 1075 1795 Divinum
1121 1731 1263 1795 Esse
1304 1752 1368 1796 se
1409 1732 1665 1819 appticat
1708 1731 1978 1796 Infinitas
2016 1741 2072 1795 et
2117 1730 2488 1807 Aeternitas,
2539 1743 2600 1795 at

492 1850 645 1895 vero
670 1830 744 1893 ad
774 1830 1051 1894 Divinam
1080 1829 1408 1895 Essentiam
1447 1840 1507 1895 et
1532 1830 1919 1897 Existentiam
1956 1851 2022 1897 se
2060 1831 2314 1919 applicat
2347 1831 2600 1895 Divinus

491 1926 679 1995 Amor
719 1940 778 1994 et
816 1930 1031 1995 Divina
1072 1931 1403 2016 Sapientia,
1461 1941 1520 1996 et
1560 1953 1665 2019 per
1700 1931 1850 1997 haec
1887 1931 2005 1996 duo
2048 1931 2495 2019 omnipotentia
2539 1941 2600 1994 et

491 2030 1007 2116 Omnipraeseutia
1029 2079 1046 2106 ,
1094 2032 1166 2094 de
1194 2031 1408 2118 quibus
1433 2032 1567 2096 ideo
1594 2032 1654 2095 in
1681 2055 1790 2097 suo
1817 2033 2027 2096 ordine
2054 2041 2280 2119 agetur.

647 2135 750 2194 22.
806 2131 980 2211 Quod
1007 2133 1168 2196 Deus
1193 2133 1267 2196 sit
1296 2131 1527 2219 Ipsum,
1573 2133 1825 2197 Unicum
1856 2141 1914 2196 et
1942 2132 2242 2206 Primum,
2289 2130 2447 2218 quod
2490 2153 2596 2196 vo-

491 2238 665 2295 catur
690 2230 833 2295 Esse
861 2240 918 2293 et
949 2232 1216 2296 Existere
1242 2233 1299 2295 in
1339 2253 1436 2308 se,
1487 2254 1560 2296 ex
1589 2233 1726 2312 Quo
1766 2232 1963 2297 omnia
2001 2253 2152 2317 quae
2189 2241 2323 2295 sunt
2371 2240 2429 2293 et
2472 2233 2595 2295 exi-

489 2340 684 2408 stunt,
725 2331 1028 2396 Naturalis
1057 2331 1234 2396 homo
1263 2353 1335 2396 ex
1360 2353 1464 2398 sua
1493 2333 1724 2398 ratione
1761 2333 2154 2420 nequicquam
2199 2340 2391 2420 potest
2418 2333 2596 2399 resci-

486 2453 586 2507 re,
631 2453 764 2496 nam
796 2431 1104 2498 Naturalis
1131 2432 1310 2497 homo
1339 2455 1409 2496 ex
1439 2455 1545 2498 sua
1576 2434 1805 2498 ratione
1846 2455 1966 2497 non
2007 2433 2164 2496 aliud
2203 2442 2391 2518 potest
2426 2433 2597 2497 desu-

486 2552 685 2607 mere,
731 2554 909 2619 quam
956 2533 1112 2619 quod
1158 2542 1411 2597 naturae
1459 2544 1579 2609 est,
1636 2534 1753 2598 hoc
1797 2534 1951 2598 enim
1992 2533 2248 2620 quadrat
2295 2555 2425 2596 cum
2474 2533 2597 2618 ejus

485 2633 774 2708 essentia,
818 2633 956 2718 quia
985 2634 1043 2695 in
1071 2634 1230 2697 illam
1261 2633 1402 2696 nihii
1433 2633 1591 2698 aliud
1627 2633 1705 2698 ab
1736 2633 1983 2697 infantia
2024 2643 2082 2695 et
2127 2633 2372 2720 pueritia
2415 2633 2595 2695 intra—

484 2731 602 2805 vit;
641 2743 703 2795 at
730 2732 1010 2819 quoniam
1038 2731 1219 2798 homo
1249 2743 1481 2797 creatus
1508 2742 1595 2798 est
1622 2743 1687 2798 ut
1716 2754 1952 2822 quoque
1981 2733 2054 2796 sit
2081 2731 2433 2818 spiritualis»,
2460 2732 2597 2818 quia

484 2831 755 2896 victurus
792 2841 877 2895 est
910 2841 1040 2918 post
1081 2843 1367 2908 mortem,
1409 2842 1465 2896 et
1507 2843 1648 2897 tunc
1688 2834 1842 2896 inter
1878 2832 2225 2918 Spirituales
2265 2832 2321 2893 in
2362 2832 2596 2896 iliorum

485 2932 751 3007 Mundo,
789 2933 923 2997 ideo
964 2932 1128 2997 Deus
1166 2933 1422 3019 providit
1449 2933 1749 3008 Verbum,
1798 2933 1855 2994 in
1885 2954 2004 3019 quo
2044 2952 2163 2995 non
2194 2931 2371 2996 modo
2398 2931 2599 2996 Semet

484 3030 682 3118 Ipsum
717 3032 1038 3109 revelavit,
1083 3031 1186 3095 sed
1226 3033 1403 3096 etiam
1434 3032 1590 3119 quod
1622 3032 1866 3097 Caelum
1909 3042 1968 3097 et
1997 3030 2303 3095 Infernum
2344 3031 2492 3105 sint,
2536 3042 2596 3095 et

485 3133 641 3217 quod
689 3133 750 3194 in
794 3132 1032 3196 illorum
1091 3155 1211 3195 uno
1259 3143 1363 3196 aut
1409 3134 1598 3197 altero
1645 3134 1835 3196 omnis
1881 3130 2064 3196 homo
2107 3132 2371 3197 victurus
2415 3132 2486 3194 sit
2533 3134 2592 3196 in

482 3241 825 3308 aeternum,
876 3233 1121 3319 quisque
1158 3233 1477 3296 secundum
1526 3232 1709 3299 vitam
1750 3243 1808 3297 et
1844 3232 2016 3296 simul
2061 3229 2238 3295 fidem
2281 3254 2481 3304 suam:
2534 3243 2593 3298 et

479 3352 716 3417 quoque
745 3334 805 3397 in
832 3333 1032 3399 Verbo
1073 3333 1393 3408 revelavit,
1439 3332 1598 3418 quod
1637 3334 1714 3396 sit
1741 3333 1882 3397 Sum
1923 3354 2026 3398 seu
2058 3333 2231 3408 Esse,
2279 3353 2349 3399 ac
2396 3332 2590 3420 Ipsum

479 3442 542 3496 et
572 3433 826 3497 Unicum
854 3436 1012 3520 quod
1048 3433 1107 3495 in
1144 3455 1206 3497 se
1246 3442 1368 3508 est,
1413 3444 1472 3499 et
1512 3432 1596 3497 sic
1627 3433 1893 3498 Primum
1936 3455 2040 3496 seu
2084 3433 2478 3517 Principium,
2522 3453 2593 3496 ex

480 3554 601 3617 quo
629 3533 846 3598 omnia.
906 3534 995 3598 Ex
1020 3532 1133 3597 hae
1164 3532 1556 3598 Revelatione
1586 3543 1695 3608 est,
1730 3534 1889 3618 quod
1917 3532 2223 3596 Naturalis
2252 3532 2431 3595 homo
2463 3555 2594 3618 pos-

474 3633 553 3695 sit
583 3653 645 3697 se
673 3632 906 3698 elevare
934 3654 1109 3719 supra
1139 3641 1410 3697 naturam
1431 3679 1448 3707 ,
1492 3633 1573 3695 ita
1601 3654 1780 3720 supra
1808 3655 1904 3708 se,
1950 3643 2007 3696 et
2037 3633 2238 3696 videre
2270 3632 2408 3695 talia
2442 3655 2592 3719 quae

476 3732 593 3796 Dei
615 3742 787 3806 sunt,
831 3734 933 3797 sed
963 3756 1150 3819 usque
1181 3743 1378 3796 tamen
1407 3734 1558 3796 sieut
1585 3754 1616 3794 e
1648 3734 1972 3820 longinquo
1991 3783 2006 3807 ‚
2055 3732 2288 3795 tametsi
2317 3733 2477 3797 Dens
2504 3743 2590 3798 est

475 3831 538 3893 in
567 3831 899 3919 propinquo
928 3833 1083 3918 apud
1112 3854 1349 3898 omnem
1377 3832 1676 3896 hominem
1696 3883 1710 3908 ‚
1761 3843 1847 3897 est
1887 3833 2044 3896 enim
2085 3833 2144 3894 in
2191 3833 2291 3897 ino
2322 3855 2453 3896 cum
2483 3855 2589 3898 sua

474 3929 780 4005 Essentia3
829 3941 890 3995 et
916 3933 1052 4020 quia
1079 3933 1162 3998 ita
1188 3942 1308 4009 est,
1355 3932 1533 3998 estin
1575 3920 1913 4021 propinquo*
1952 3931 2110 4021 apud
2149 3931 2312 4009 illos,
2353 3934 2460 4019 qui
2492 3933 2590 4020 lp·

472 4052 606 4096 sum
644 4040 879 4107 amant,
922 4043 980 4098 et
1019 4032 1102 4097 illi
1143 4041 1348 4101 amant
1371 4033 1605 4120 Ipsum,
1651 4033 1757 4120 qui
1805 4034 2014 4100 vivunt
2054 4033 2377 4097 secuudum
2421 4053 2592 4119 prae-

470 4139 641 4219 cepta
669 4130 859 4217 Ipsius
898 4141 961 4196 et
987 4132 1233 4198 credunt
1260 4134 1321 4197 in
1352 4132 1584 4219 Ipsum,
1623 4132 1685 4196 hi
1726 4133 1879 4199 sieut
1918 4133 2121 4199 vident
2168 4132 2401 4219 Ipsum;
2450 4131 2590 4219 quid

462 4229 611 4298 fides
637 4230 748 4297 nisi
773 4232 1092 4323 spiritualis
1120 4234 1279 4301 visus
1306 4232 1467 4321 quod
1492 4233 1599 4309 sit,
1644 4242 1704 4298 et
1734 4233 1874 4322 quid
1902 4233 2023 4304 vita
2061 4231 2381 4297 secuudum
2415 4250 2590 4316 prae·
