3309 4775
735 377 847 427 111&
986 364 1447 419 UNIVERSA
1494 360 2028 416 'l'llEOLOGlA
2072 362 2138 414 N.
2184 362 2245 414 0.
2289 360 2395 412 ET
2437 361 2503 413 Ν.
2549 362 2607 413 Ε.

725 533 786 584 et
831 518 1007 593 dixit,
1062 518 1224 605 quod
1268 515 1447 605 possit
1489 517 1751 603 cogitare
1782 515 2064 580 Divinum
2097 515 2443 579 Humanum
2489 513 2564 578 de
2594 512 2837 581 Sanctis·

725 621 872 684 sima
903 610 1144 706 Virgine
1188 619 1416 692 Maria,
1467 626 1526 681 et
1564 638 1802 704 quoque
1844 616 1915 680 de
1956 616 2178 680 Sancto
2222 615 2571 681 Monasterii
2620 616 2739 686 sui;
2784 629 2837 683 et

730 721 881 784 alter
922 719 1250 784 Monachus
1297 718 1574 794 accessit,
1629 718 1857 791 dicens,
1914 736 2027 803 ego
2069 737 2306 803 possum
2348 737 2418 779 ex
2448 717 2582 781 idea
2623 717 2837 802 cogita·

727 821 904 885 tionis
934 841 1134 894 meae,
1188 841 1366 907 quam
1398 840 1557 882 nunc
1583 818 1796 893 foveo,
1850 818 2047 881 dicere
2079 817 2364 880 Divinum
2398 817 2747 880 Humanum
2773 818 2839 885 de

727 921 1110 986 sanctissimo
1142 918 1335 1008 Papa,
1392 919 1584 1006 potius
1612 939 1791 1004 quam
1826 918 1897 981 de
1928 916 2193 989 Cb1·isto;
2247 917 2349 982 sed
2393 926 2538 979 tunc
2568 918 2750 1004 aliqui
2774 940 2840 985 ex

731 1019 1058 1087 Pontificiis
1117 1029 1491 1085 retraxerunt
1545 1020 1741 1094 illum,
1808 1028 1867 1083 et
1919 1019 2230 1093 dixerunt,
2284 1019 2505 1103 pudeat
2551 1028 2628 1082 te.
2709 1019 2841 1085 Post

737 1121 888 1187 baec
917 1122 1104 1186 visum
1145 1131 1228 1184 est
1258 1119 1501 1184 Caelum
1545 1129 1852 1208 apertum,
1907 1128 1968 1181 et
2010 1119 2170 1184 visae
2214 1127 2349 1183 sunt
2392 1118 2665 1203 Linguae
2704 1120 2842 1186 sicut

736 1221 1074 1286 flammulae
1120 1222 1541 1284 descendentes
1585 1229 1642 1284 et
1691 1218 2003 1284 influentes
2057 1219 2213 1306 apud
2266 1220 2593 1303 quosdam,
2663 1230 2721 1282 et
2771 1222 2840 1285 illi

734 1332 876 1386 tunc
918 1323 1300 1386 celebrabant
1341 1321 1644 1386 Dlvmum
1685 1320 2035 1383 Humanum
2076 1320 2354 1393 Donum,
2409 1320 2718 1395 dicentes,
2766 1344 2843 1384 re·

740 1431 974 1487 movete
1009 1421 1200 1486 ideam
1233 1423 1408 1485 trium
1436 1422 1734 1497 Deorum,
1789 1430 1848 1483 et
1893 1419 2114 1483 credite
2154 1419 2315 1507 quod
2359 1419 2414 1482 in
2446 1419 2719 1486 Domino
2754 1422 2841 1486 ha·

738 1522 884 1587 bitet
918 1523 1106 1585 omnis
1136 1521 1437 1609 plenitudo
1467 1521 1809 1586 Divinitatis
1836 1520 2257 1607 corporaliter,
2310 1529 2368 1584 et
2397 1521 2560 1606 quod
2585 1522 2770 1586 Pater
2789 1534 2840 1586 et

736 1624 872 1715 Ipse
901 1645 1082 1687 unum
1109 1622 1226 1685 sint
1252 1622 1402 1687 sicut
1430 1623 1626 1687 anima
1655 1632 1714 1685 et
1743 1643 1958 1710 corpus
1987 1642 2169 1684 unum
2198 1630 2333 1685 sunt
2354 1669 2369 1696 ,
2410 1632 2468 1683 et
2502 1623 2667 1708 quod
2697 1624 2843 1687 Deus

738 1746 858 1788 non
892 1723 966 1788 sit
997 1732 1206 1787 ventus
1233 1733 1290 1787 et
1321 1722 1558 1797 aether,
1610 1723 1713 1788 sed
1743 1724 1901 1811 quod
1929 1721 1999 1786 sit
2032 1722 2231 1790 Homo
2252 1769 2269 1797 ,
2322 1730 2381 1783 et
2422 1731 2566 1786 tunc
2607 1725 2844 1810 conjun-

735 1825 956 1912 gemini
984 1823 1199 1898 Caelo,
1253 1833 1312 1886 et
1341 1845 1375 1886 a
1404 1824 1662 1888 Domino
1704 1822 1971 1910 poteritis
2014 1825 2324 1886 nominare
2361 1822 2609 1900 JESUM,
2668 1835 2728 1888 et
2768 1825 2845 1888 di·

736 1947 870 1990 cere
899 1925 1199 1990 Dtvmtm
1228 1923 1594 1988 Humanum.

895 2029 1038 2088 112.
1094 2025 1399 2088 Turnum
1442 2025 1917 2097 Menonamm„
1980 2023 2296 2104 Quondam
2346 2033 2474 2110 post
2523 2024 2843 2089 diluculum

734 2125 1049 2210 evigilatus
1077 2125 1229 2190 exivi
1250 2126 1317 2213 *in
1344 2124 1583 2189 hortum
1613 2133 1753 2189 ante
1782 2124 2057 2199 domum,
2097 2133 2155 2187 et
2185 2124 2299 2187 vidi
2331 2126 2622 2187 orientem
2652 2126 2847 2190 Solem

739 2228 800 2289 in
827 2248 934 2289 suo
962 2225 1202 2308 jubare,
1255 2234 1313 2286 et
1340 2224 1560 2288 circum
1591 2225 1746 2289 circa
1776 2224 1937 2289 illum
1968 2225 2291 2288 cincturam
2324 2226 2576 2310 primum
2613 2237 2846 2291 tenuem

736 2336 795 2390 et
827 2334 1025 2412 postea
1056 2325 1471 2391 exstantiorem
1499 2326 1650 2391 sicut
1677 2347 1748 2389 ex
1776 2348 1922 2390 auro
1949 2324 2384 2415 splendentem,
2440 2335 2500 2390 et
2526 2327 2641 2391 sub
2668 2329 2847 2393 limbo

741 2428 871 2513 ejus
898 2426 1309 2491 ascendentem
1339 2428 1594 2502 nubem,
1648 2449 1800 2514 quae
1842 2427 2051 2517 pyropi
2095 2427 2313 2500 instar,
2368 2449 2402 2490 a
2433 2427 2673 2492 flamma
2711 2430 2847 2494 solis

737 2526 1120 2598 coruscabat;
1176 2536 1231 2591 et
1262 2537 1402 2589 tunc
1429 2527 1601 2591 incidi
1628 2529 1691 2591 in
1722 2527 2162 2592 meditationem
2207 2549 2277 2590 ex
2316 2526 2532 2593 fabulis
2576 2530 2845 2594 vetustis-

733 2628 1051 2703 simorum,
1106 2629 1264 2714 quod
1304 2625 1574 2692 finxerint
1602 2627 1899 2692 Auroram
1945 2629 2170 2693 alatam
2206 2629 2413 2716 pennis
2450 2630 2745 2715 argenteis
2782 2630 2838 2693 in

737 2750 842 2792 ore
884 2726 1170 2792 ferentem
1219 2749 1448 2792 aurum.
1529 2728 1676 2793 Cum
1724 2730 1896 2794 Mens
1941 2728 2329 2792 deliciabatur
2373 2730 2434 2791 in
2481 2729 2604 2804 bis,
2659 2729 2840 2795 factus

735 2852 863 2894 sum
895 2829 954 2892 in
980 2830 1217 2916 spiritu,
1274 2839 1330 2895 et
1372 2829 1569 2895 audivi
1614 2830 1843 2914 aliquos
1883 2830 2037 2893 inter
2062 2850 2123 2893 se
2154 2829 2498 2915 loquentes,
2552 2840 2612 2893 et
2650 2830 2843 2894 dicen·

733 2938 851 3005 tes,
909 2931 1128 2994 utinam
1171 2930 1427 3022 daretur¹
1447 2930 1606 3019 loqui
1649 2951 1782 2996 cum
1828 2929 2168 3004 Novatore‚
2223 2930 2322 3014 qui
2365 2952 2606 3018 pomum
2655 2930 2844 2995 Eridis

731 3031 886 3093 inter
912 3029 1216 3094 Antistites
1261 3031 1556 3097 Ecclesiae
1597 3030 1874 3118 projecit,
1930 3030 2004 3093 ad
2043 3030 2201 3115 quod
2245 3041 2639 3095 cucurrerunt
2679 3030 2841 3094 multi

735 3147 806 3189 ex
833 3129 1053 3202 Laicis,
1106 3139 1165 3191 et
1191 3130 1557 3217 desumptum
1588 3131 1933 3195 obtulerunt
1959 3129 2143 3194 oculis
2169 3130 2410 3204 nostris3
2468 3153 2574 3215 per
2602 3154 2840 3219 pomum

734 3226 875 3290 illud
919 3227 1331 3292 intellexerunt
1371 3227 1719 3292 Codicillum
1763 3229 2136 3318 inscriptum,
2184 3231 2537 3295 Summanu
2581 3232 2847 3296 Expon-

726 3348 834 3390 ‘no
860 3347 1225 3393 noemma
1251 3327 1484 3391 Novae
1519 3327 1885 3400 Eccumum
1927 3340 1985 3394 et
2014 3331 2306 3406 dixerunt,
2346 3341 2433 3396 est
2475 3354 2620 3396 sane
2662 3331 2843 3397 schis-

735 3427 1013 3491 maticum
1045 3449 1078 3491 a
1124 3426 1356 3489 nemine
1397 3425 1681 3490 hactenus
1724 3428 2077 3514 cogitatum,
2131 3441 2188 3494 et
2231 3432 2431 3496 audivi
2477 3442 2622 3496 tunc
2660 3454 2842 3496 unum

733 3550 803 3591 ex
843 3526 955 3591 illis
992 3528 1382 3601 clamantem,
1435 3526 1574 3612 quid
1604 3526 2085 3607 Schismaticum,
2139 3540 2226 3596 est
2265 3532 2682 3606 Haereticum;
2743 3532 2841 3597 sed

731 3626 913 3713 aliqui
959 3649 994 3691 a
1038 3628 1223 3691 latere
1272 3628 1394 3712 ejus
1441 3629 1824 3715 regerebant,
1901 3640 2065 3707 tace,
2131 3627 2505 3708 obmutesce,
2574 3655 2701 3697 non
2760 3642 2844 3699 est
2955 3661 2956 3692 }

732 3727 1157 3802 Haereticam,
1210 3726 1426 3815 allegat
1464 3730 1693 3817 copiam
1733 3729 2117 3795 dictaminum
2150 3733 2367 3808 Verbi,
2425 3733 2498 3797 ad
2546 3755 2702 3818 quae
2749 3755 2844 3822 p&
2953 3805 2954 3814 χ

729 3828 948 3915 tegrini
992 3828 1203 3902 nostri,
1260 3850 1363 3913 per
1402 3852 1547 3916 quos
1587 3830 1965 3917 intelligimus
2005 3832 2223 3908 laicos,
2276 3833 2593 3922 attendunt
2638 3843 2700 3897 et
2744 3834 2842 3898 ad·
2953 3849 2954 3864 ¹

726 3928 1099 4017 stipulantur.
1177 3926 1322 3993 Cum
1353 3928 1500 3994 baec
1528 3930 1757 4005 audivi,
1812 3931 1948 4018 quia
1993 3931 2052 3994 in
2096 3933 2300 4018 spiritu
2342 3955 2540 4010 eram,
2596 3933 2838 4009 accessi,

727 4037 785 4093 et
814 4029 957 4104 dixi,
1013 4028 1247 4105 adsum,
1293 4030 1433 4118 quid
1460 4032 1575 4104 rei;
1622 4040 1680 4093 et
1706 4032 1902 4124 statim
1933 4052 2083 4097 unus
2109 4054 2181 4096 ex
2209 4033 2340 4111 illis,
2381 4034 2500 4122 qui,
2541 4042 2604 4098 ut
2635 4044 2840 4122 postea

727 4129 956 4203 audivi,
1013 4128 1121 4191 suit
1148 4129 1515 4206 Germanus,
1567 4130 1803 4193 nativus
1841 4153 1913 4194 ex
1937 4132 2232 4209 Saxonia,
2285 4143 2344 4197 et
2392 4146 2534 4197 tono
2576 4136 2840 4198 auctori·

734 4217 870 4290 tatis
913 4228 1193 4315 loquutus
1236 4229 1415 4303 dixit,
1468 4228 1624 4292 unde
1668 4229 1774 4291 tibi
1817 4230 2059 4295 audacia
2109 4232 2441 4299 invertendi
2492 4233 2737 4297 Cultum
2785 4235 2840 4295 in
