3309 4775
815 367 860 418 1.
940 348 1171 420 uuus
1213 363 1666 417 cauam-on:
1707 392 1771 406 -
1819 361 2151 417 umus
2191 362 2360 416 nm.
2568 373 2637 423 η

532 541 710 584 unum
739 520 936 584 Deum
977 518 1092 581 lide
1134 518 1401 603 agnoscit
1442 525 1501 579 et
1543 514 1725 580 corde
1768 514 1941 591 colit,
1984 516 2083 580 ille
2121 515 2181 577 in
2223 515 2640 581 communione

529 621 886 686 Sanctorum
913 619 974 683 iu
1003 618 1176 682 terris
1203 625 1324 693 est,
1368 627 1426 681 et
1458 617 1514 679 in
1544 616 1962 679 communione
1993 614 2360 702 Angelorum
2408 615 2467 679 in
2508 636 2642 681 cae-

531 721 629 796 lis,
670 718 807 784 illae
837 720 1114 783 dicuntur
1143 718 1619 790 communiones,
1646 725 1708 779 et
1731 725 1901 790 sunt,
1939 716 2076 803 quia
2104 716 2165 778 in
2193 738 2314 781 uno
2343 716 2474 780 Deo
2501 727 2641 782 sunt

531 830 589 885 et
630 842 782 884 unus
824 819 989 883 Deus
1031 818 1089 880 in
1127 818 1275 882 illis:
1321 816 1497 880 iidem
1545 816 1725 879 etiam
1766 817 1826 879 in
1867 816 2283 903 conjunctione
2326 827 2464 882 sunt
2505 838 2640 882 cum

534 921 832 985 Universo
876 917 1060 984 Caelo
1102 916 1420 1002 Angelico,
1477 924 1534 981 et
1573 917 1760 980 ausim
1802 915 2032 993 dicere,
2084 938 2217 980 curn
2264 918 2539 982 omnibus
2582 927 2641 982 et

532 1020 778 1106 singulis
802 1018 883 1082 ibi
901 1067 917 1096 ,
957 1029 1092 1082 sunt
1121 1018 1276 1082 enim
1305 1038 1510 1081 omnes
1535 1017 1685 1080 sicut
1715 1015 1817 1079 filii
1846 1026 1903 1079 et
1933 1017 2150 1105 posteri
2191 1039 2262 1083 ex
2291 1039 2413 1082 uno
2441 1019 2643 1094 Patre,

536 1141 791 1206 quorum
822 1118 1035 1193 animi,
1082 1138 1276 1181 mores
1305 1126 1361 1182 et
1391 1116 1571 1181 facies
1598 1116 1889 1182 similares
1915 1126 2084 1192 sunt,
2122 1138 2154 1181 a
2184 1117 2400 1204 quibus
2427 1139 2488 1182 se
2518 1141 2644 1181 mu·

538 1229 643 1283 tuo
674 1228 1054 1303 cognoscunt.
1131 1217 1372 1300 Caelum
1412 1215 1764 1303 Angelicum
1806 1218 2216 1282 coordinatum
2244 1227 2333 1283 est
2360 1218 2420 1281 in
2447 1218 2647 1282 Socie-

540 1328 690 1383 tates
716 1320 1038 1384 secundum
1067 1338 1271 1381 omnes
1299 1318 1616 1384 varietates
1655 1316 1875 1381 amoris
1915 1318 2087 1392 boni,
2134 1338 2285 1404 quae
2327 1320 2647 1383 varietates

539 1420 613 1481 ad
645 1418 1203 1486 universalissimum
1236 1438 1416 1480 unum
1445 1413 1729 1480 Amorem
1761 1415 2082 1493 collimant,
2110 1419 2209 1504 qui
2238 1426 2328 1481 est
2354 1418 2415 1481 in
2429 1417 2646 1491 Deum;

535 1538 607 1581 ex
639 1518 754 1581 hoc
781 1519 1004 1583 Amore
1033 1518 1342 1604 propagati
1370 1524 1507 1581 sunt
1534 1537 1770 1590 omnes,
1820 1516 1919 1601 qui
1947 1516 2139 1581 Deum
2184 1538 2367 1581 unum
2396 1516 2648 1583 Creato-

536 1640 663 1681 rem
695 1618 986 1693 universi,
1032 1627 1090 1681 et
1117 1616 1290 1681 simul
1318 1614 1821 1703 Redemptorem,
1862 1626 1920 1680 et
1949 1618 2493 1705 Regeneratorem,
2534 1617 2652 1683 tide

537 1728 870 1805 agnoscunt
907 1729 967 1783 et
1011 1718 1190 1783 corde
1231 1716 1449 1781 colunt.
1538 1715 1658 1781 Sed
1704 1716 1878 1780 aliter
1921 1739 2162 1805 prorsus
2207 1716 2321 1793 illi,
2380 1718 2481 1804 qui
2527 1740 2648 1783 nou

533 1840 748 1893 unum,
789 1820 892 1884 sed
922 1819 1119 1906 plures
1144 1819 1304 1882 Deos
1332 1817 1551 1882 adeunt
1579 1826 1640 1879 et
1677 1816 1963 1892 adorant,
2005 1818 2132 1883 sive
2171 1819 2286 1883 boc
2313 1817 2435 1895 fiat,
2485 1818 2643 1906 quod

537 1941 720 1983 unum
750 1940 856 1983 ore
893 1927 953 1982 et
992 1928 1110 1982 tres
1139 1918 1529 2003 cogitatione,
1574 1926 1636 1980 ut
1664 1916 1889 1982 faciunt
1918 1917 1999 1981 illi
2028 1918 2087 1983 in
2117 1918 2406 1982 hodierna
2438 1919 2647 1984 Eccle-

538 2022 623 2084 sia
644 2067 661 2095 ,
708 2021 809 2106 qni
838 2020 1030 2083 Deum
1064 2018 1123 2079 in
1157 2026 1277 2083 tres
1304 2019 1598 2083 Personas
1624 2017 2019 2103 distinguunt,
2068 2028 2128 2083 et
2166 2039 2648 2106 unamquamque

541 2121 867 2185 Personam
897 2118 1201 2183 declarant
1229 2119 1423 2184 Deum
1455 2138 1559 2205 per
1583 2139 1678 2193 se,
1726 2128 1785 2183 et
1827 2119 2038 2204 cuique
2065 2128 2370 2208 separatas
2397 2119 2649 2207 qualita-

544 2231 665 2295 tes,
707 2242 810 2284 seu
843 2218 1232 2306 proprietates
1259 2239 1412 2306 quae
1446 2237 1568 2283 non
1610 2217 1853 2285 alterius
1891 2230 2060 2295 sunt,
2104 2220 2465 2294 attribuuut;
2511 2220 2649 2286 inde

545 2317 639 2393 fit,
684 2320 840 2406 quod
871 2320 1066 2383 unitas
1094 2319 1204 2382 Dei
1246 2340 1363 2382 non
1394 2319 1570 2382 modo
1599 2320 1915 2384 actualiter
1955 2319 2286 2398 dividatur,
2336 2319 2440 2385 sed
2469 2320 2650 2387 etiam

546 2422 670 2507 ipsa
706 2420 1070 2506 Theologia,
1118 2429 1176 2483 et
1205 2440 1440 2507 quoque
1469 2420 1641 2484 Mens
1666 2418 1925 2486 humana
1953 2420 2013 2484 in
2043 2443 2160 2509 qua
2194 2421 2292 2485 illa
2321 2422 2454 2497 erit,
2492 2422 2654 2487 simi-

544 2522 711 2592 liter;
758 2519 1061 2607 quidinde
1090 2521 1196 2585 nisi
1241 2520 1580 2606 perplexum
1621 2529 1680 2583 et
1723 2542 1841 2584 non
1872 2520 2196 2587 cohaerens
2235 2522 2294 2585 in
2331 2521 2514 2586 rebus
2538 2522 2653 2586 Ec-

545 2621 757 2685 clesiae
783 2622 1060 2693 resultat;
1089 2621 1249 2706 quod
1273 2621 1408 2685 talis
1431 2618 1507 2685 sit
1531 2628 1720 2685 status
1748 2621 2047 2685 Ecclesiae
2074 2621 2420 2698 hodiernae,
2444 2622 2505 2684 in
2532 2621 2654 2710 Ap-

547 2722 798 2808 pendice
827 2731 956 2809 post
983 2718 1096 2782 hoc
1124 2722 1321 2809 Opus,
1361 2721 1897 2785 demonstrabitur:
1940 2719 2055 2784 hoc
2088 2721 2307 2786 veritas
2332 2733 2452 2797 est,
2496 2723 2664 2809 quod

545 2821 759 2885 divisio
807 2821 954 2895 Dei,
995 2829 1098 2883 aut
1135 2812 1439 2886 Essent'iae
1478 2819 1733 2884 Divinae
1772 2822 1830 2884 in
1875 2829 1996 2886 tres
2034 2821 2359 2895 Personas,
2404 2843 2657 2907 quarum

547 2922 848 3007 quaelibet
878 2942 982 3007 per
1008 2940 1070 2983 se
1114 2930 1215 2983 aut
1254 2919 1589 3005 singulatim
1631 2930 1721 2984 est
1760 2921 1956 2997 DeuS,
2000 2922 2242 2985 inducat
2279 2922 2655 3008 negationem

548 3021 693 3093 Dei;
740 3030 829 3087 est
867 3022 1017 3086 sicut
1062 3022 1194 3105 quis
1240 3021 1299 3082 iu
1341 3017 1655 3105 Templum
1703 3021 1777 3084 ad
1821 3020 2193 3086 adorandum
2243 3021 2452 3098 intrat,
2497 3031 2556 3086 et
2595 3025 2658 3088 in

547 3121 783 3187 Tabula
823 3142 1001 3209 super
1026 3119 1216 3185 Altari
1248 3120 1405 3185 videt
1446 3122 1663 3204 pictum
1706 3143 1887 3184 unum
1917 3123 2109 3186 Deum
2156 3122 2305 3186 sicut
2329 3121 2656 3210 Antiquum

550 3221 816 3296 dierum,
858 3222 1127 3285 Alterum
1155 3222 1304 3286 sicut
1332 3219 1680 3285 Pontificem
1723 3223 2071 3298 maximum,
2119 3222 2473 3286 et‘Tertium
2505 3223 2656 3289 sicut

551 3321 805 3388 Aeolum
850 3323 1184 3396 volantem,
1229 3331 1288 3385 et
1324 3321 1753 3408 subscriptum,
1808 3322 1865 3384 hi
1906 3332 2025 3387 tres
2063 3332 2198 3386 sunt
2241 3321 2410 3387 Unus
2454 3324 2655 3389 Deus:

551 3433 657 3486 aut
685 3423 887 3487 forsan
915 3424 1066 3487 sicut
1093 3424 1173 3486 ibi
1205 3420 1429 3486 videret
1459 3420 1761 3486 Unitatem
1804 3432 1863 3485 et
1891 3424 2245 3487 Trinitatem
2288 3424 2471 3510 pictas
2512 3424 2664 3489 sicut

546 3521 850 3588 hominem
891 3545 1025 3586 cum
1069 3523 1258 3586 tribus
1299 3522 1602 3609 Capitibus
1653 3544 1830 3608 super
1870 3545 1989 3589 uno
2030 3544 2312 3610 corpore,
2375 3533 2479 3587 aut
2523 3545 2660 3588 cum

550 3622 742 3688 tribus
784 3624 1137 3708 corporibus
1171 3624 1279 3687 sub
1319 3644 1437 3685 uno
1465 3621 1706 3710 Capite,
1755 3644 1907 3709 quae
1946 3622 2138 3688 forma
2182 3632 2513 3689 monstrosa
2552 3634 2661 3701 est,

553 3744 688 3787 cum
733 3746 848 3810 qua
887 3725 1016 3786 idea
1058 3725 1105 3787 si
1139 3723 1268 3810 quis
1305 3722 1556 3786 intraret
1596 3723 1872 3797 Caelum,
1930 3734 2090 3788 certe
2133 3745 2415 3812 praeceps
2448 3724 2664 3810 dejice-

552 3833 753 3898 retur,
815 3826 1047 3888 tametsi
1091 3823 1343 3899 diceret,
1405 3822 1566 3909 quod
1608 3823 1800 3911 Caput
1856 3834 1958 3888 aut
1999 3824 2206 3911 Capita
2259 3823 2664 3910 significarent

552 3923 915 3999 Essentiam‚
961 3932 1021 3988 et
1061 3923 1288 4013 Corpus
1331 3932 1434 3986 aut
1476 3923 1747 4009 Corpora
1792 3924 2194 4012 proprietates
2239 3924 2559 3991 distinctas.

1421 4020 1810 4063 ******

713 4128 813 4188 16.
872 4124 984 4189 His
1012 4123 1283 4210 adjiciam
1312 4145 1497 4188 unum
1522 4124 1988 4191 Memoriana:
2042 4124 2178 4192 Vidi
2218 4125 2451 4210 aliquos
2478 4144 2669 4193 novos

547 4224 833 4293 Advenas
872 4246 904 4290 e
946 4224 1176 4299 Mundo
1219 4223 1478 4289 naturali
1518 4224 1577 4287 in
1620 4224 1915 4290 Mundum
1956 4223 2369 4310 spiritualem,
2412 4223 2568 4286 iuter
2605 4240 2668 4291 sc

2113 4320 2245 4391 B*
