3309 4775
726 420 794 467 10
945 406 1402 461 UNIVERSA
1444 404 1974 459 THEOLOG1A
2015 404 2082 456 N.
2125 403 2189 456 C.
2228 403 2336 455 ET
2376 405 2445 460 N.
2484 404 2552 460 Ε.

718 560 981 626 motoriis
1006 569 1343 648 contextus,
1389 560 1498 624 nisi
1527 581 1595 623 ex
1625 581 1740 622 una
1769 560 1993 633 anima;
2038 568 2098 622 et
2128 559 2314 646 ipsum
2344 559 2571 646 Corpus
2594 559 2702 624 nisi
2728 580 2802 625 ex

714 684 835 727 uno
861 661 1054 726 corde.
1107 662 1384 726 Similiter
1411 662 1684 747 Regnum
1715 647 1821 724 nisi
1849 661 1925 724 ab
1955 682 2071 723 uno
2099 661 2291 746 Rege;
2334 660 2560 725 Domus
2585 662 2691 726 nisi
2720 661 2797 725 ab

715 786 836 829 uno
875 761 1052 833 hero;
1098 774 1157 827 et
1193 762 1384 826 omnis
1412 760 1671 837 functio,
1717 783 1868 849 quae
1909 760 2208 849 multiplex
2248 770 2333 826 est
2369 762 2426 824 in
2470 763 2800 849 unoquovis

713 866 958 953 Regno,
997 864 1106 929 nisi
1149 865 1223 928 ab
1254 886 1372 926 uno
1415 862 1710 927 officiario.
1784 862 1942 942 Quid
1987 853 2290 926 Exercit'us
2330 862 2553 927 valeret
2592 872 2800 927 contra

712 966 912 1032 hostes
937 967 1158 1053 absque
1184 966 1377 1041 Duce,
1420 965 1512 1027 cui
1541 985 1812 1049 suprema
1843 973 2097 1048 potestas
2116 1009 2131 1037 ,
2177 971 2234 1025 et
2260 963 2312 1025 ei
2343 963 2620 1052 praefecti
2660 965 2798 1033 sub.-

712 1068 1000 1143 ordinati,
1045 1067 1256 1153 quibus
1281 1063 1523 1151 singulis
1549 1087 1716 1130 suum
1746 1066 1837 1151 jus
1862 1074 1949 1128 est
1974 1084 2149 1150 super
2177 1062 2403 1128 milites
2468 1064 2670 1130 Simile
2705 1065 2797 1131 fo·

710 1178 804 1232 ret
830 1189 961 1231 cum
991 1168 1284 1242 Ecclesia,
1330 1166 1440 1232 nisi
1471 1166 1569 1230 illa
1602 1174 1949 1251 agnosceret
1990 1186 2170 1228 unum
2198 1165 2420 1240 Deum,
2464 1176 2522 1230 et
2562 1188 2796 1252 quoque

713 1289 847 1334 cum
874 1268 1054 1333 Caelo
1083 1268 1380 1355 angelico,
1423 1268 1586 1352 quod
1609 1276 1696 1330 est
1722 1266 1871 1330 sicut
1898 1277 2072 1353 caput
2098 1265 2391 1330 Ecclesiae
2418 1268 2474 1329 in
2506 1268 2696 1342 terris,
2734 1267 2796 1331 in

711 1370 926 1456 quihus
952 1370 1236 1434 Dominus
1263 1378 1349 1433 est
1374 1369 1495 1455 ipsa
1526 1367 1772 1439 Anima3
1818 1387 2000 1453 quare
2034 1366 2272 1430 Caelum
2313 1376 2371 1430 et
2412 1366 2672 1432 Ecclesia
2702 1368 2798 1454 Ip-

710 1471 830 1535 sius
858 1470 1086 1555 Corpus
1115 1480 1434 1542 vocantur;
1469 1490 1620 1557 quae
1647 1470 1757 1533 nisi
1784 1476 2167 1555 agnoscerent
2194 1488 2372 1531 unum
2404 1467 2617 1544 Deum,
2644 1467 2797 1533 foret

713 1580 1028 1657 utrumque
1053 1573 1202 1635 sicut
1229 1569 1484 1633 inanime
1513 1591 1754 1656 corpus,
1797 1569 1985 1656 quod,
2033 1568 2167 1656 quia
2196 1568 2270 1632 ad
2296 1567 2437 1633 nihil
2466 1569 2626 1646 utile,
2660 1592 2797 1657 pro-

712 1674 1019 1758 jiceretur,
1061 1681 1120 1735 et
1144 1672 1503 1758 sepeliretur.
2107 1663 2110 1666 “

869 1776 966 1837 11.
1024 1774 1120 1838 lv.
1177 1774 1365 1854 Qoon
1404 1792 1630 1849 QuAms
1671 1791 1811 1835 ILLE
1848 1769 2020 1834 DE-ns
2059 1791 2220 1835 rmus
2257 1791 2381 1844 EST,
2434 1769 2678 1858 GENTEs
2717 1791 2794 1834 Εἰ·

711 1875 950 1939 Pomm
978 1895 1318 1939 AmvEnm‘r
1345 1894 1423 1936 ΕΤ
1452 1893 1692 1937 ABEANT
1719 1892 1782 1935 m
1806 1891 2164 1947 mvnnsum,
2201 1891 2287 1934 ex
2311 1892 2619 1935 muninus
2644 1892 2796 1936 cau-

708 1996 814 2038 sm.
887 1974 1077 2039 Causa
1109 1975 1291 2061 prima
1321 1984 1437 2050 est,
1481 1974 1638 2060 quod
1678 1973 1933 2058 cognitio
1976 1973 2047 2035 de
2087 1972 2248 2048 Deo,
2294 1982 2352 2036 et
2392 1971 2525 2035 inde
2573 1972 2794 2057 agnitio

711 2075 855 2149 Dei,
914 2098 1034 2140 non
1075 2075 1280 2139 dabilis
1317 2078 1388 2140 sit
1431 2076 1652 2162 absque
1695 2074 2114 2149 Revelatione,
2168 2082 2227 2136 et
2265 2094 2384 2136 nou
2426 2076 2682 2160 cognitio
2722 2072 2794 2138 de

709 2177 969 2241 Domino
999 2186 1056 2239 et
1083 2176 1217 2239 inde
1245 2176 1498 2261 agnitio,
1542 2176 1700 2263 quod
1738 2175 1798 2237 in
1838 2175 1974 2260 [pso
2016 2174 2205 2238 omnis
2236 2174 2535 2264 plenitudo
2565 2175 2795 2238 Divini-

710 2278 846 2342 tatis
871 2277 1095 2341 habitet
1123 2277 1537 2365 corporaliter,
1580 2298 1754 2362 quam
1785 2298 1855 2340 ex
1882 2277 2115 2352 Verbo,
2153 2278 2312 2362 quod
2341 2286 2423 2340 est
2453 2275 2795 2341 Revelatio·
2867 2345 2888 2355 x
2981 2343 2982 2352 χ

709 2402 849 2443 num
879 2378 1146 2451 Corona;
1174 2401 1308 2443 nam
1338 2377 1518 2444 homo
1544 2401 1615 2442 ex
1643 2377 1779 2441 data
1809 2376 2199 2442 Revelatione
2228 2387 2416 2465 potest
2445 2377 2682 2443 obviam
2707 2377 2794 2441 ire

709 2481 858 2557 Deo,
905 2490 964 2543 et
991 2478 1272 2543 influxum
1302 2481 1562 2565 recipere
1582 2528 1598 2555 ,
1642 2488 1702 2542 et
1728 2480 1808 2541 sic
1836 2501 1868 2541 a
1897 2478 2151 2541 naturali
2182 2477 2307 2542 fieri
2345 2479 2685 2566 spiritualis:
2729 2487 2794 2541 et

708 2583 1006 2669 primaeva
1038 2581 1350 2645 Revelatio
1380 2589 1697 2667 pervagata
1739 2588 1825 2643 est
1864 2580 2198 2644 universum
2230 2579 2484 2656 Orbem,
2538 2588 2597 2642 et
2635 2578 2798 2643 illam

708 2683 990 2748 naturalis
1031 2680 1208 2745 homo
1249 2690 1617 2771 perverterat
1645 2679 1843 2744 multis
1880 2681 2098 2756 modis,
2142 2681 2296 2744 unde
2324 2680 2799 2755 divaricationes,

707 2783 1028 2860 dissensus,
1072 2783 1375 2858 haereses,
1419 2793 1475 2846 et
1517 2781 1827 2847 schismata
1871 2781 2237 2868 religionum.
2308 2782 2575 2845 Secunda
2620 2802 2797 2845 causa

707 2894 824 2960 est,
867 2885 1023 2971 quod
1052 2885 1356 2950 Naturalis
1381 2883 1559 2947 homo
1588 2902 1704 2947 non
1737 2884 1912 2970 possit
1956 2883 2257 2971 percipere
2284 2883 2500 2968 aliquid
2540 2883 2611 2945 de
2638 2883 2794 2958 Deo,

706 2985 806 3047 sed
833 2986 1018 3048 solum
1048 2986 1118 3046 de
1145 2987 1402 3058 Mundo,
1444 2993 1502 3048 et
1533 2982 1648 3048 hoc
1678 2984 1971 3072 applicare
2003 2985 2074 3046 ad
2103 3006 2184 3059 se,
2224 3005 2407 3067 quare
2434 2984 2590 3046 inter
2617 3004 2798 3048 cano-

707 3106 812 3148 nes
857 3085 1150 3150 Ecclesiae
1192 3086 1693 3171 Christanaesest,
1739 3086 1895 3172 quod
1924 3084 2231 3149 Naturalis
2256 3084 2433 3147 homo
2474 3085 2546 3148 sit
2587 3093 2795 3149 contra

707 3184 1111 3273 spiritualem,
1155 3197 1212 3248 et
1243 3188 1394 3271 quod
1429 3194 1686 3273 pugnent
1717 3185 1868 3247 inter
1892 3207 1983 3257 se;
2028 3185 2164 3248 inde
2193 3194 2310 3260 est,
2348 3187 2502 3271 quod
2538 3186 2652 3261 illi,
2692 3184 2796 3271 qui

707 3309 777 3350 ex
805 3288 1025 3360 Verbo,
1051 3308 1120 3349 ex
1160 3287 1270 3349 alia
1303 3286 1689 3350 Revelatione
1717 3280 2121 3369 'cognoverunt
2152 3285 2308 3372 quod
2338 3286 2499 3350 Deus
2528 3287 2622 3362 sit,
2667 3286 2797 3351 abi-

707 3389 902 3451 verint
938 3399 997 3451 et
1035 3388 1251 3450 abeant
1288 3388 1347 3449 in
1388 3388 1680 3450 diversum
1725 3387 1795 3448 de
1828 3386 2125 3464 Qualitate
2157 3387 2298 3462 Dei,
2342 3396 2400 3448 et
2444 3388 2514 3450 de
2549 3388 2794 3452 Unitate

706 3488 908 3575 Ipsius.
985 3489 1366 3575 Quapropter
1407 3487 1520 3563 illi,
1566 3507 1818 3575 quorum
1860 3487 2070 3551 mentis
2110 3487 2266 3552 visus
2299 3489 2570 3573 pependit
2598 3508 2632 3552 a
2658 3507 2794 3553 sen·

703 3590 864 3654 sibus
893 3590 1185 3676 corporis,
1228 3598 1286 3652 et
1315 3597 1512 3652 lamen
1542 3588 1855 3652 voluerunt
1884 3588 2082 3651 videre
2112 3587 2336 3664 Deum,
2381 3587 2796 3654 formaverunt

702 3691 812 3755 sibi
838 3689 1164 3754 Simula'cra
1193 3710 1264 3753 ex
1302 3710 1483 3764 auro,
1527 3696 1806 3774 argento,
1850 3689 2037 3776 lapide
2077 3698 2136 3750 et
2182 3688 2369 3773 ligno,
2411 3700 2475 3753 ut
2511 3691 2621 3755 sub
2659 3689 2788 3767 iltis,

706 3800 769 3854 ut
798 3792 954 3856 visus
981 3791 1255 3876 objectis,
1301 3791 1618 3855 adorarent
1649 3790 1871 3853 Deum:
1918 3800 1974 3853 et
2003 3791 2159 3876 quod
2190 3789 2321 3864 alii,
2353 3790 2452 3876 qui
2478 3792 2798 3856 simulacra

706 3912 775 3955 ex
802 3893 1085 3978 religione
1125 3892 1486 3977 rejecerunt,
1529 3890 1639 3954 sibi
1675 3891 1746 3952 de
1774 3891 1901 3954 Deo
1928 3890 2199 3953 finxerint
2229 3889 2521 3973 imagines
2561 3913 2630 3957 ex
2653 3890 2794 3956 Sole

704 4003 763 4057 et
787 3993 990 4070 Luna,
1029 4015 1100 4058 ex
1127 3990 1347 4068 Astris,
1392 4001 1451 4056 et
1478 4012 1550 4054 ex
1578 3990 1756 4056 variis
1781 4011 1957 4078 super
1984 4000 2172 4055 terra:
2218 4001 2278 4054 at
2305 3991 2417 4068 illi,
2464 3994 2566 4079 qui
2605 3993 2793 4056 credi·-

702 4094 916 4160 derunt
944 4116 1006 4159 se
1045 4115 1221 4183 supra
1249 4095 1458 4180 vulgus
1495 4113 1735 4181 sapere,
1780 4102 1839 4156 et
1882 4079 2079 4156 tamen
2119 4093 2416 4157 naturales
2456 4113 2791 4183 permanse-

703 4205 875 4270 runt,
915 4217 987 4259 ex
1011 4196 1127 4260 Dei
1156 4195 1544 4260 immensitate
1587 4203 1646 4259 et
1686 4193 2181 4282 omnipraesentia
2218 4194 2279 4256 in
2318 4195 2575 4258 creando
2614 4195 2798 4260 Mun-

705 4295 874 4375 dum,
911 4297 1234 4374 Naturam,
1275 4296 1512 4385 quidam
1550 4296 1707 4361 illam
1750 4295 1810 4360 in
1850 4295 2101 4373 intimis,
2146 4304 2207 4360 et
2245 4293 2482 4382 quidam
2527 4296 2685 4360 illam
2727 4295 2788 4358 in
