3309 4775
736 397 841 445 1⁶10
956 382 1421 440 UNIVERSA
1465 380 2005 435 THEOLOGIA
2049 383 2116 436 N.
2162 381 2223 434 (ἶ.
2271 381 2379 432 ΕΤ
2425 381 2492 434 N.
2543 382 2610 437 E.

720 536 1162 611 Athanasiam,
1218 536 1319 603 ubi
1361 535 1685 601 consimilia
1713 534 2022 599 dicuntur:
2077 533 2178 597 sed
2218 534 2498 598 assumite
2540 555 2612 597 ex
2658 535 2832 601 allatis

720 641 909 706 solum
950 637 1067 702 hoc
1108 634 1349 701 effatum
1386 635 1658 711 Domini,
1709 635 1930 709 Pater,
1983 638 2187 700 omnia
2228 636 2381 700 Mea
2428 636 2570 700 Tua
2612 650 2755 701 sunl
2787 654 2834 702 et

722 744 926 807 omnia
959 739 1096 805 Tua
1122 738 1300 813 Mea,
1354 737 1493 823 quid
1526 735 1642 800 hoc
1683 736 1876 812 aliud,
1929 758 2104 822 quam
2143 739 2302 822 quod
2328 737 2621 801 Divinum
2655 737 2835 802 Patris

722 841 797 907 sit
826 841 1089 905 Humani
1120 839 1292 913 Filii,
1335 848 1393 901 et
1426 838 1774 901 Humanum
1803 837 1935 900 Filii
1968 838 2167 903 Divini
2200 837 2422 912 Patris,
2478 858 2836 924 consequen-

725 951 816 1005 ter
844 942 1002 1029 quod
1032 942 1089 1003 in
1118 940 1356 1004 Christo
1387 939 1548 1002 Deus
1577 938 1653 1001 sit
1679 939 1881 1001 Homo
1909 947 1968 1000 et
1999 937 2199 1000 Homo
2231 938 2393 1001 Deus
2412 986 2428 1012 ,
2484 948 2545 999 et
2571 938 2662 1001 sic
2691 941 2835 1024 qnod

727 1064 911 1107 unum
939 1042 1058 1106 sint
1083 1042 1232 1106 sieut
1259 1042 1455 1103 anima
1484 1048 1543 1101 et
1573 1059 1792 1125 corpus
1827 1059 2011 1101 unum
2049 1048 2214 1102 sunt:
2269 1039 2460 1103 simile
2500 1039 2690 1101 etiam
2725 1049 2836 1123 pot·

726 1153 816 1209 est
846 1143 1035 1207 omnis
1062 1142 1244 1206 homo
1271 1141 1343 1204 de
1379 1161 1483 1205 sua
1515 1139 1710 1203 anima
1741 1150 1800 1202 et
1831 1160 1941 1202 suo
1983 1160 2231 1227 corpore
2271 1139 2504 1214 dicere,
2559 1139 2837 1215 videlicet,

728 1244 929 1308 omnia
958 1251 1061 1306 tua
1090 1263 1221 1306 mea
1250 1249 1472 1306 suntet
1504 1240 1702 1304 omnia
1731 1259 1862 1304 mea
1897 1249 2033 1314 tua,
2087 1248 2148 1303 tu
2189 1239 2249 1302 in
2293 1261 2386 1301 me
2425 1261 2491 1303 es
2534 1249 2595 1302 et
2642 1259 2752 1324 ego
2790 1241 2839 1302 in

730 1356 828 1420 te,
878 1342 980 1430 qui
1013 1342 1174 1407 videt
1201 1362 1295 1405 me
1324 1341 1486 1406 videt
1528 1351 1617 1415 te,
1671 1362 1780 1404 nos
1821 1360 2005 1404 uuum
2044 1361 2245 1404 sumus
2289 1339 2485 1427 quoad
2531 1361 2836 1427 personam

731 1453 789 1507 et
816 1443 1012 1529 quoad
1044 1441 1260 1515 vitam3
1316 1462 1492 1506 causa
1524 1449 1642 1516 est,
1697 1442 1835 1526 quia
1866 1440 2062 1505 anima
2091 1448 2176 1504 est
2217 1441 2275 1502 in
2317 1450 2442 1505 toto
2488 1450 2553 1504 et
2587 1443 2654 1502 in
2695 1441 2838 1505 omni

731 1554 899 1634 parte
925 1540 1215 1618 hominis,
1274 1544 1391 1607 vita
1421 1542 1575 1604 enim
1607 1543 1841 1606 animae
1871 1549 1958 1605 est
1987 1542 2106 1604 vita
2137 1543 2432 1628 corporis,
2490 1551 2552 1603 et
2580 1551 2836 1604 mutuum

726 1655 817 1710 est
860 1645 1014 1709 inter
1053 1644 1213 1709 illos:
1264 1663 1340 1706 ex
1382 1642 1471 1707 his
1516 1652 1704 1728 patet,
1760 1641 1920 1729 quod
1963 1642 2243 1706 Divinum
2284 1641 2480 1706 Patris
2524 1642 2599 1706 sit
2653 1643 2837 1704 anima

730 1746 895 1821 Filii,
948 1754 1008 1809 et
1044 1748 1205 1834 quoti
1252 1744 1595 1806 Humanum
1639 1743 1778 1808 Filii
1810 1744 1883 1807 sit
1924 1764 2136 1830 corpus
2168 1742 2389 1813 Patris3
2446 1742 2608 1806 unde
2654 1743 2838 1805 anima

728 1846 828 1910 filii
861 1846 970 1911 nisi
1002 1869 1034 1911 a
1066 1856 1264 1935 patre,
1318 1854 1377 1908 et
1422 1843 1577 1907 unde
1618 1865 1834 1931 corpus
1862 1845 1986 1929 ejus
2013 1844 2122 1906 nisi
2152 1864 2186 1906 a
2219 1854 2435 1914 matre;
2492 1843 2721 1907 dicitnr
2746 1843 2840 1906 Di·

731 1949 934 2015 vinum
983 1947 1213 2021 Patris,
1292 1966 1364 2008 ac
1414 1945 1766 2030 intelligitur
1811 1944 1948 2030 Ipse
1991 1945 2204 2019 Pater,
2275 1943 2557 2029 quoniam
2610 1943 2746 2029 Ipse
2789 1952 2842 2006 et

729 2070 897 2111 suum
930 2048 1212 2111 Divinum
1244 2055 1331 2111 est
1367 2044 1558 2121 idem,
1609 2045 1726 2109 hoc
1765 2046 1945 2109 etiam
1987 2053 2074 2110 est
2115 2066 2295 2109 unum
2339 2055 2397 2109 et
2436 2044 2840 2116 individuum;

730 2147 889 2233 quod
920 2148 1003 2209 ita
1043 2150 1148 2222 sit,
1204 2154 1432 2209 constat
1471 2146 1648 2210 etiam
1690 2167 1759 2210 ex
1797 2145 1888 2210 his
1926 2143 2140 2231 Angeli
2180 2144 2476 2210 Gabrielis
2519 2146 2723 2209 verbis
2771 2143 2843 2207 ad

733 2247 984 2311 Mariam
1007 2294 1024 2322 ,
1086 2247 1308 2315 Virtus
1333 2243 1646 2311 Altissimi
1669 2246 2045 2312 obumbrabit
2073 2259 2127 2309 te
2142 2292 2158 2319 ‚
2211 2260 2269 2310 et
2292 2243 2556 2339 spiritus
2578 2243 2844 2310 Sanctus

733 2350 1103 2439 superveniet
1146 2361 1233 2422 te,
1283 2361 1341 2412 el
1383 2361 1660 2413 sanctum
1703 2346 1871 2441 quod
1909 2359 2195 2412 nascetur
2243 2370 2326 2411 ex
2368 2359 2454 2423 te,
2519 2346 2845 2412 vocabitur

730 2446 934 2514 Filius
963 2449 1114 2526 Dei,
1171 2459 1227 2514 et
1269 2469 1405 2512 mox
1445 2470 1623 2538 supra
1666 2461 1916 2513 vocatur
1954 2446 2156 2513 Filius
2182 2445 2519 2521 Altissimi3
2574 2457 2637 2509 et
2681 2447 2843 2521 alibi,

731 2546 934 2615 Filius
992 2551 1385 2641 Unigenitum
1439 2571 1547 2614 vos
1588 2558 1821 2625 autem,
1880 2548 1979 2635 qui
2023 2550 2213 2614 solum
2273 2549 2588 2612 nominatis
2642 2548 2837 2632 lpsum

731 2650 945 2716 Filium
988 2652 1250 2726 Mariae,
1303 2650 1620 2739 deperditis
1660 2650 1850 2714 ideam
1882 2649 2223 2714 Divinitatis
2265 2649 2483 2734 Ipsius,
2534 2649 2636 2712 sed
2685 2648 2836 2711 hanc

731 2772 852 2814 non
900 2752 1153 2841 perdunt
1201 2753 1328 2827 alii,
1385 2771 1563 2838 quam
1610 2751 1790 2816 Docti
1824 2771 1857 2814 e
1898 2748 2140 2814 Clericis
2179 2771 2250 2814 ac
2287 2749 2520 2814 Eruditi
2560 2771 2591 2812 e
2632 2749 2837 2825 Laicis,

729 2853 828 2938 qui
859 2852 996 2918 dum
1025 2855 1260 2918 elevant
1287 2851 1679 2938 cogitationes
1701 2873 1883 2939 supra
1910 2850 2200 2915 sensualia
2232 2853 2499 2938 corporis
2538 2850 2661 2924 sui,
2709 2870 2837 2936 spe-

731 2962 897 3016 ctant
940 2956 1189 3041 gloriam
1241 2954 1433 3019 famae
1480 2974 1655 3029 suae,
1724 2974 1876 3040 quae
1922 2972 2043 3016 non
2090 2952 2268 3017 modo
2322 2952 2676 3024 adumbrat,
2737 2951 2837 3014 sed
2939 3035 2944 3038 -

728 3054 907 3116 etiam
939 3057 1257 3140 exstinguit
1282 3057 1510 3129 lucem,
1565 3075 1670 3142 per
1707 3074 1888 3141 quam
1917 3053 2099 3116 intrat
2138 3052 2328 3137 gloria
2362 3052 2489 3117 Dei.
2548 3052 2668 3115 Sed
2706 3050 2840 3114 red-

729 3172 932 3218 eamus
975 3155 1047 3218 ad
1093 3155 1447 3218 Orationem
1496 3154 1906 3229 Dominicam,
1961 3154 2062 3217 ubi
2104 3154 2355 3227 dicitur,
2409 3154 2607 3218 Pater
2644 3165 2845 3217 noster

729 3254 838 3343 qui
859 3268 948 3317 est
978 3255 1049 3317 in'
1070 3252 1302 3328 Caelis,
1357 3250 1777 3339 sanctificetur
1806 3254 2046 3319 Nomen
2079 3267 2242 3318 tuum
2263 3302 2278 3329 ,
2330 3258 2544 3319 veniat
2570 3252 2843 3342 Regnum

730 3367 927 3426 manu
985 3376 1124 3426 νος,
1178 3352 1276 3435 qui
1307 3350 1403 3412 hic
1433 3349 1603 3424 estis,
1658 3350 1978 3437 intelligitis
2020 3376 2124 3441 per
2163 3355 2261 3420 illa
2306 3355 2550 3419 Patrem
2596 3355 2660 3416 in
2704 3352 2841 3416 Solo

729 3453 950 3517 Divino
976 3474 1116 3526 suo,
1171 3472 1284 3534 ego
1314 3458 1511 3513 autem
1540 3448 1740 3537 Ipsum
1765 3451 1824 3515 in
1855 3454 2137 3518 Humano
2167 3478 2304 3531 suo,
2347 3463 2404 3519 et
2441 3456 2577 3518 Hoc
2606 3474 2839 3540 quoque

727 3561 813 3614 est
840 3551 1081 3615 Nomen
1109 3549 1338 3623 Patris,
1392 3568 1531 3612 nam
1572 3550 1868 3619 Dominus
1907 3554 2083 3632 dixit,
2137 3556 2331 3621 Pater
2365 3553 2664 3646 glorifica
2690 3554 2838 3620 ·No·

726 3673 859 3714 men
888 3664 1084 3724 tuum,
1129 3647 1244 3713 hoc
1271 3659 1387 3726 est,
1434 3649 1781 3716 Humanum
1812 3664 2012 3726 tuum;
2062 3666 2118 3718 et
2150 3657 2388 3742 quando
2415 3656 2531 3719 hoc
2559 3656 2658 3730 fit,
2706 3665 2839 3718 tunc

725 3750 890 3814 venit
918 3751 1194 3834 Regnum
1224 3750 1366 3823 Dei,
1421 3760 1482 3814 et
1510 3750 1658 3816 haec
1687 3754 1897 3818 Oratio
1932 3756 2211 3819 mandata
2257 3766 2343 3820 est
2387 3779 2494 3841 pro
2534 3755 2655 3818 hoc
2695 3766 2837 3819 tem·

723 3873 901 3938 pore,
958 3849 1260 3926 videlicet,
1315 3860 1377 3913 ut
1406 3852 1565 3917 Deus
1591 3854 1775 3918 Pater
1813 3855 2062 3920 adeatur
2104 3877 2210 3941 per
2239 3858 2588 3920 Humanum
2631 3877 2834 3929 suum

722 3950 866 4016 dixit
906 3949 1081 4015 etiam
1127 3950 1446 4027 DominuS,
1502 3954 1702 4020 Nemo
1745 3958 1915 4020 venit
1954 3953 2042 4020 ad
2080 3955 2333 4021 Patrem
2383 3960 2508 4021 nisi
2543 3977 2663 4047 per
2698 3954 2836 4019 Me.-

720 4062 782 4116 et
809 4051 963 4138 apud
999 4051 1392 4139 Prophelam,
1448 4054 1617 4118 Puer
1657 4068 1840 4119 natus
1883 4067 1976 4120 est
2015 4056 2226 4131 nobis,
2281 4056 2486 4134 Filius
2527 4056 2716 4120 datus
2756 4067 2839 4119 est

721 4152 933 4226 nobis,
1002 4156 1179 4237 cujus
1233 4153 1479 4219 Nomen
1532 4154 1740 4227 Dans,
1793 4156 2032 4229 Herm,
2084 4155 2302 4220 Pau-En
2356 4174 2837 4227 Amnum-unm

665 4334 669 4338 “
724 4259 783 4312 et
811 4251 982 4326 alibi,
1044 4252 1135 4314 Tu
1162 4249 1443 4316 Jehovak
1472 4251 1667 4316 Pater
1688 4256 1925 4326 nos'ter,
1979 4252 2349 4347 Redemptor
2386 4270 2595 4321 noster
2636 4279 2676 4320 a
2710 4276 2841 4319 sae-
