3309 4775
547 383 626 440 11.
674 379 1090 435 DOMINUS
1132 379 1717 433 REDEMPTOR.
1762 411 1830 422 —
1875 381 2434 442 REDEMPTIO.
2520 398 2617 448 161

507 536 817 625 Opusculo
857 534 1110 598 Londini
1148 555 1305 599 anno
1353 537 1527 598 1758
1566 533 1640 598 de
1673 535 1932 600 Ummo
1970 536 2236 602 Jumclo
2277 538 2468 617 edito,
2521 540 2623 607 de-

488 637 795 725 scriptum
832 643 952 705 est:
1013 635 1134 700 ‘boc
1180 645 1485 722 peractum
1534 645 1621 699 est
1676 656 1712 699 a
1759 635 2047 711 Domino,
2115 659 2248 701 cum
2290 639 2353 702 in
2390 640 2621 707 Mundo

504 735 652 800 suits
701 735 889 801 simile
931 737 1111 801 etiam
1154 735 1329 801 hodie
1369 757 1405 800 a
1453 736 1711 800 Domino
1749 735 1973 801 factum
2018 747 2138 816 est,
2191 742 2501 827 quoniam,
2555 753 2623 807 ut

503 857 689 923 supra
720 836 938 900 dictum
966 846 1090 914 est,
1139 834 1318 900 hodie
1357 844 1447 901 est
1471 836 1779 903 Secundus
1804 835 2113 905 Adventus
2141 839 2360 927 Ipsius,
2415 842 2517 929 qui
2558 841 2621 906 in

505 937 870 1027 Apocalypsi
918 937 1139 1013 ubivis,
1207 947 1265 1000 et
1312 937 1470 1023 apud
1518 938 1891 1002 Matthaeum
1936 938 2076 1026 Cap.
2125 940 2357 1007 XXIV:
2406 945 2462 1007 8.
2513 947 2616 1008 30.

507 1038 670 1126 apud
713 1038 985 1104 Marcum
1033 1037 1173 1124 Cap.
1223 1036 1404 1103 XllI:
1451 1042 1567 1115 26,
1633 1039 1791 1127 apud
1836 1038 2057 1104 Lucam
2101 1039 2243 1128 Cap.
2286 1042 2466 1107 XXI:
2515 1048 2619 1121 27,

504 1148 571 1202 et
599 1140 657 1201 iu
686 1135 849 1203 Actis
876 1138 1081 1226 Apost.
1112 1138 1254 1224 Cap.
1286 1137 1346 1201 I:
1372 1142 1469 1225 Δ11
1491 1187 1506 1214 ,
1559 1150 1615 1202 et
1658 1139 1831 1214 alibi,
1886 1141 2220 1228 praedictus
2243 1151 2363 1217 est;
2418 1144 2621 1210 discri-

510 1261 653 1304 men
681 1249 797 1315 est,
851 1238 1009 1327 quod
1050 1239 1108 1301 in
1152 1239 1340 1327 primo
1372 1237 1560 1326 Ipsius
1587 1241 1867 1305 Adventu
1896 1240 2136 1305 Inferna
2177 1242 2238 1305 in
2265 1253 2494 1309 tantum
2522 1267 2620 1310 ac-

507 1339 810 1404 creverint
837 1362 912 1404 ex
939 1338 1301 1415 idololatris,
1355 1340 1543 1426 magis
1585 1352 1643 1405 et
1681 1339 2157 1407 falsificatoribus
2187 1343 2404 1421 Verbi,
2456 1356 2517 1410 at
2558 1346 2620 1409 in

507 1439 633 1503 boc
660 1439 931 1505 Secundo
958 1464 1028 1505 ex
1056 1439 1401 1506 Christianis
1441 1441 1522 1504 ita
1553 1442 1810 1516 vocatis,
1865 1451 1984 1505 tam
2028 1441 2139 1506 illis
2178 1443 2279 1527 qui
2307 1443 2620 1512 naturalis-

510 1563 676 1604 mum
727 1542 1096 1616 imbuerunt,
1151 1562 1329 1626 quam
1375 1540 1488 1605 illis
1534 1542 1635 1630 qui
1679 1541 2140 1607 falsificaverunt
2191 1543 2454 1613 Verbum
2514 1566 2621 1634 per

507 1639 995 1706 confirmationes
1034 1641 1340 1706 fabulosae
1383 1640 1516 1704 fidei
1559 1661 1700 1706 suae
1744 1641 1815 1705 de
1855 1639 2043 1708 tribus
2081 1642 2356 1710 Personis
2384 1645 2620 1714 Divinis

506 1743 586 1805 ab
617 1751 895 1820 aeterno,
927 1751 985 1806 et
1011 1742 1083 1807 de
1111 1741 1393 1806 Passione
1424 1742 1663 1807 Domini
1692 1745 1846 1828 quod
1876 1742 2053 1807 fuerit
2081 1744 2203 1832 ipsa
2231 1744 2618 1834 Redemptio;

507 1841 568 1906 bi
600 1845 757 1906 enim
785 1854 920 1907 sunt
949 1843 1045 1930 qui
1076 1864 1179 1931 per
1208 1841 1545 1906 Draconem
1588 1853 1645 1905 et
1693 1843 1863 1907 binas
1892 1844 2017 1931 ejus
2044 1844 2274 1910 Bestias
2299 1846 2361 1909 iu
2386 1845 2623 1933 Apoca-

507 1943 662 2032 lypsi
718 1942 858 2032 Cap.
913 1942 1062 2007 Xll:
1117 1953 1176 2006 et
1227 1941 1411 2019 XIII,
1481 1944 1905 2029 intelliguntur.
1992 1949 2047 2007 2.
2096 1945 2367 2011 Secunda
2418 1968 2618 2025 causa,

504 2046 668 2130 quod
698 2044 988 2108 Dominus
1016 2045 1191 2108 etiam
1221 2044 1537 2108 redemerit
1563 2043 1859 2131 Angelos,
1910 2053 2029 2121 est,
2083 2045 2242 2132 quod
2283 2068 2401 2112 non
2439 2048 2618 2114 modo

504 2146 911 2233 unusquisque
950 2144 1164 2220 homo,
1215 2144 1316 2209 se‘d
1359 2144 1537 2208 etiam
1574 2146 1978 2232 unusquisque
2002 2144 2265 2232 Angelus
2292 2169 2327 2213 a
2355 2148 2617 2214 Domino

502 2244 845 2309 detineatur
871 2268 905 2310 a
938 2247 1127 2322 malo,
1178 2254 1238 2310 et
1265 2253 1539 2310 teneatur
1565 2247 1626 2309 in
1658 2245 1847 2318 bono;
1901 2246 2097 2312 nullus
2135 2248 2291 2312 enim
2333 2249 2460 2315 sive
2496 2248 2620 2315 An·

506 2345 673 2432 gelus
717 2346 861 2412 sive·
891 2345 1105 2423 bomo,
1158 2356 1245 2412 est
1291 2345 1351 2409 in
1387 2347 1625 2430 bonoaa
1671 2368 1768 2423 se,
1820 2347 1923 2411 sed
1968 2369 2144 2413 omne
2188 2348 2410 2416 bonum
2451 2359 2539 2417 est
2580 2372 2618 2417 a

508 2447 802 2520 Domino;
855 2470 989 2513 cum
1028 2448 1229 2535 itaque
1255 2448 1577 2513 scabellum
1608 2448 1822 2534 pedum
1854 2435 2249 2534 Angelorum,
2305 2450 2464 2539 quod
2504 2451 2617 2517 illis

506 2549 682 2612 estin
710 2547 939 2613 Mundo
966 2548 1308 2636 spirituum,
1360 2559 1700 2635 surreptum
1728 2558 1847 2625 est,
1903 2560 2044 2613 tunc
2084 2549 2307 2614 factum
2345 2560 2435 2615 est
2479 2573 2614 2617 cum

504 2649 648 2724 illis,
703 2649 853 2713 sicut
891 2670 1026 2713 cum
1065 2650 1307 2714 sedente
1344 2671 1522 2736 super
1545 2649 1741 2725 solio,
1792 2649 1932 2713 dum
1972 2650 2097 2734 ejus
2135 2650 2471 2740 stylobatae
2511 2673 2618 2717 au-

394 2785 408 2795 ·
505 2749 798 2814 feruntur.
877 2751 1055 2832 Quod
1083 2750 1299 2838 Angeli
1325 2770 1529 2815 coram
1559 2749 1689 2814 Deo
1731 2770 1852 2814 non
1893 2751 2009 2815 sint
2051 2751 2213 2837 puri,
2265 2761 2497 2816 constat
2542 2772 2617 2817 ex

504 2850 865 2939 propheticis
893 2851 1111 2927 Verbi,
1160 2861 1218 2916 et
1247 2873 1485 2939 quoque
1515 2873 1587 2914 ex
1613 2850 1849 2923 Hiobo;
1895 2859 2020 2914 tum
2050 2871 2123 2914 ex
2147 2871 2253 2927 eo,
2300 2850 2462 2936 quod
2492 2873 2617 2917 non

502 2950 681 3015 detur
706 2950 916 3036 aliquis
949 2950 1244 3037 Angelus,
1297 2953 1395 3040 qui
1435 2972 1559 3015 non
1599 2940 1759 3038 prius
1795 2950 1987 3015 luerat
2026 2949 2225 3016 homo.
2258 2986 2263 2989 ·
2303 2951 2426 3016 Per
2465 2950 2617 3017 haec

502 3049 939 3116 confirmantur
965 3052 1095 3127 illa,
1149 3074 1301 3139 quae
1329 3052 1389 3115 in
1418 3051 1577 3116 Fun-2
1602 3051 1777 3115 Novr
1808 3049 2000 3115 Cal-:121
2026 3070 2103 3114 m·
2127 3049 2359 3116 Nom-2
2384 3051 2616 3119 Enete-

497 3171 641 3216 sum
678 3172 742 3216 m
791 3152 1180 3217 UmvssnsAm
1221 3174 1298 3217 m·
1338 3153 1688 3217 Smomm
1727 3172 1979 3226 tonus,
2035 3151 2171 3216 huic
2214 3151 2402 3240 Operi
2442 3173 2616 3241 prae-

378 3268 385 3272 ·
499 3254 711 3329 missa,
765 3253 1073 3329 dicuntur,
1128 3254 1399 3317 videlicet
1450 3253 1668 3334 „Quod
1699 3251 1986 3316 Dominus
2021 3252 2081 3314 in
2109 3251 2402 3317 Mundum
2433 3274 2613 3318 vene-

495 3353 645 3430 „rit,
698 3363 763 3418 ut
790 3363 1127 3420 removeret
1155 3353 1459 3419 Infernum
1491 3355 1567 3417 ab
1597 3351 1868 3429 homine,
1920 3362 1981 3416 et
2012 3352 2172 3439 quod
2199 3352 2257 3416 id
2286 3353 2613 3419 removerit

492 3474 641 3541 „per
673 3475 903 3542 pugnas
943 3464 1150 3519 contra
1181 3453 1345 3529 illud,
1373 3465 1431 3519 et
1459 3475 1564 3541 per
1590 3453 1872 3519 victorias
1899 3474 2077 3538 super
2103 3452 2265 3528 illud,
2294 3454 2376 3519 ita
2404 3454 2611 3538 subju·

495 3557 771 3639 „gaverit
806 3555 970 3629 illud,
1009 3565 1067 3619 et
1097 3555 1392 3640 redegerit
1418 3553 1560 3617 illud
1586 3554 1698 3617 sub
1726 3574 1890 3617 suam
1922 3553 2380 3617 obedientiam.“
2446 3554 2608 3618 Tum

495 3676 604 3737 per
647 3653 794 3721 baec
838 3655 950 3733 ibi,
1005 3656 1204 3742 „quod
1229 3653 1511 3721 Jebovab
1561 3653 1725 3719 Deus
1762 3654 2132 3719 descenderit
2171 3663 2231 3718 et
2268 3654 2610 3719 assumserit

495 3754 924 3831 .,Humanum,
976 3765 1220 3844 propter
1262 3753 1469 3831 linem,
1540 3764 1604 3818 ut
1644 3754 1708 3817 in
1753 3753 2022 3819 ordinem
2065 3755 2364 3842 redigeret
2407 3754 2606 3826 omnia

492 3876 691 3941 „quae
737 3857 797 3920 in
839 3855 1050 3930 Caelo,
1107 3865 1165 3921 et
1209 3857 1411 3919 omnia
1454 3875 1608 3943 quae
1651 3855 1710 3918 in
1751 3855 2016 3921 Ecclesia
2064 3863 2270 3933 erunt,
2323 3854 2608 3943 quoniam

487 3964 674 4030 „tunc
709 3959 971 4042 potentia
1001 3955 1273 4033 Diaboli,
1325 3955 1440 4020 boc
1477 3966 1596 4032 est,
1652 3953 1911 4033 Inferni,
1964 3955 2152 4022 valuit
2181 3977 2358 4043 super
2396 3964 2608 4043 poten-

487 4056 675 4131 „tiam
717 4056 911 4133 Caeli,
963 4068 1022 4121 et
1061 4057 1123 4121 in
1165 4056 1334 4122 terris
1374 4057 1637 4145 potentia
1680 4056 1819 4120 mali
1856 4077 2036 4144 super
2075 4056 2401 4144 potentiam
2445 4056 2607 4131 boni,

486 4165 591 4230 „et
630 4156 767 4221 inde
808 4157 1006 4223 totalis
1045 4157 1349 4222 damnatio
1393 4168 1531 4221 ante
1571 4157 1732 4222 fores
1771 4155 1932 4221 stetit
1975 4166 2034 4220 et
2071 4157 2397 4228 imminuit;
2449 4154 2607 4221 hanc

490 4255 800 4333 „futuram
846 4257 1286 4324 damnationem
1337 4255 1619 4323 Jehovab
1667 4257 1831 4323 Deus
1883 4279 1988 4347 per
2042 4257 2384 4323 Humanum
2434 4277 2606 4321 suum

2137 4357 2189 4419 L
