3309 4775
670 381 771 428 ωε
892 365 1351 420 UNIVERSA
1396 363 1934 420 THEOLOGIA
1985 364 2051 416 N.
2095 364 2162 417 e.
2200 363 2310 414 ΕΤ
2351 340 2526 420 Ν.Ἐ.

658 544 770 587 nos
790 530 894 586 est.
966 516 1133 584 Alter
1159 518 1307 582 haec
1332 515 1575 581 audiens
1615 516 1807 593 dixit,
1847 516 2117 580 nominas
2141 515 2469 590 Naturam,
2521 526 2576 579 et
2612 514 2771 579 hanc

660 622 807 688 facis
831 620 1179 685 creatricem
1209 618 1500 691 universi,
1550 618 1653 681 sed
1683 638 1805 680 uon
1827 617 1992 692 scis,¹
2023 617 2329 702 quomodo
2357 617 2587 681 Natura
2624 638 2769 700 ope-

662 732 795 791 rata
840 731 926 786 est
969 721 1360 792 Universum,
1414 739 1599 803 quare
1654 717 1880 787 dicam;
1936 716 2240 781 convolvit
2280 739 2343 782 se
2386 717 2444 778 in
2491 718 2772 792 vortices,

662 825 765 911 qui
789 823 944 885 inter
969 843 1031 885 se
1058 819 1397 884 colliserunt
1433 819 1583 882 sicut
1613 818 1801 882 nubes
1827 821 1981 882 inter
2018 841 2117 893 se,
2170 827 2230 880 et
2266 820 2417 882 sicut
2457 816 2670 881 domus
2707 821 2772 878 in

664 931 1083 997 terraemotu,
1134 920 1272 983 dum
1304 917 1713 994 collabuntur,
1768 927 1826 980 et
1861 917 2018 1004 quod
2047 939 2120 982 ex
2152 917 2248 983 illa
2277 918 2578 982 collisione
2605 939 2772 981 cras-

660 1024 818 1089 siora
844 1045 906 1088 se
938 1019 1291 1085 contulerint
1336 1020 1394 1081 in
1438 1040 1654 1094 unum,
1708 1017 1863 1083 uude
1904 1019 2138 1093 Tellus,
2190 1028 2249 1081 et
2290 1018 2448 1104 quod
2488 1017 2772 1081 fluidiora

662 1145 727 1191 se
753 1145 826 1187 ex
852 1122 941 1188 his
966 1121 1358 1205 secreverim,
1412 1131 1735 1205 et'quoque
1760 1141 1822 1184 se
1843 1120 2209 1184 ,contulerint
2244 1118 2300 1181 in
2344 1140 2558 1194 unum,
2613 1119 2772 1180 unde

663 1225 891 1297 Maria,
943 1232 1003 1286 et
1046 1221 1206 1308 quod
1258 1242 1328 1283 ex
1370 1219 1462 1285 his
1504 1219 1683 1284 etiam
1729 1220 1954 1283 leviora
1999 1241 2064 1287 se
2114 1220 2553 1305 separaverint,
2612 1218 2775 1282 unde

666 1323 876 1388 aether
903 1331 962 1385 et
988 1327 1122 1395 a‘e'r,
1162 1329 1219 1385 et
1243 1341 1316 1382 ex
1342 1319 1555 1384 horum
1585 1319 1892 1385 levissimis
1918 1320 2050 1394 soh
2092 1319 2396 1393 vidistine,
2437 1319 2595 1406 quod
2628 1319 2770 1381 dum

667 1422 919 1496 Oleum,
970 1420 1172 1508 Aqua,
1224 1429 1278 1483 et
1310 1419 1513 1484 Pulvis
1539 1429 1735 1485 terrae
1764 1420 2219 1486 commiscentur
2257 1440 2406 1494 una,
2456 1441 2516 1483 se
2555 1426 2774 1506 sponte

670 1522 971 1597 dividant,
1021 1532 1078 1585 et
1120 1521 1175 1583 in
1223 1520 1429 1584 ordine
1471 1543 1648 1584 unum
1692 1542 1870 1607 supra
1912 1521 2163 1584 alterum
2210 1520 2530 1584 collocent.-
2597 1520 2776 1583 Tunc

666 1623 819 1687 alius
862 1622 1001 1685 illud
1028 1622 1396 1696 auscultans,
1449 1620 1623 1695 dixit,
1677 1620 1983 1707 loquimini
2010 1642 2079 1683 ex
2111 1619 2448 1708 phantasia,
2494 1619 2624 1706 quis
2652 1640 2774 1682 non

662 1724 799 1798 scit,
853 1721 1011 1810 quod
1053 1723 1313 1786 omnium
1359 1721 1544 1806 prima
1585 1721 1755 1806 origo
1791 1720 1969 1790 fuerit
2012 1721 2223 1794 chaos,
2274 1721 2431 1807 quod
2475 1722 2772 1805 magnitu-

668 1824 802 1886 dine
842 1831 1112 1910 quartam
1156 1830 1381 1906 partem
1413 1820 1687 1886 Universi
1730 1821 2111 1908 impleverat,
2164 1833 2218 1883 et
2266 1821 2425 1906 quod
2469 1821 2527 1883 in
2572 1821 2776 1889 medio

664 1923 792 2010 ejus
829 1922 1006 1988 fuerit
1037 1922 1230 2007 Ignis,
1284 1922 1504 1984 circum
1544 1921 1701 1986 circa
1741 1921 1905 1985 illum
1949 1922 2186 1996 aether,
2239 1930 2298 1984 et
2344 1922 2563 1985 circum
2611 1921 2773 1983 hune

665 2024 948 2096 materia,
996 2033 1053 2084 et
1085 2021 1241 2108 quod
1272 2020 1410 2083 illud
1452 2019 1644 2085 Chaos
1684 2022 1863 2086 rimas
1904 2023 2167 2098 duxerit,
2222 2033 2276 2085 et
2323 2043 2426 2107 per
2465 2022 2568 2085 has
2609 2023 2774 2106 Ignis

665 2123 958 2209 eruperit,
1011 2121 1161 2185 sicut
1193 2140 1264 2183 ex
1307 2119 1498 2184 Aetna
1540 2129 1599 2183 et
1627 2122 1922 2198 Vesuvio,
1974 2123 2108 2186 inde
2152 2124 2284 2194 Sol;
2338 2133 2397 2185 et
2436 2122 2595 2210 quod
2638 2132 2774 2208 post

666 2221 824 2286 hunc
851 2221 1074 2285 Aether
1098 2243 1162 2284 se
1191 2219 1483 2285 evolverit
1509 2233 1568 2283 et
1596 2219 1815 2286 circum
1844 2221 2081 2300 fuderit,
2116 2225 2271 2287 unde
2300 2221 2737 2308 Atmosphacra
2757 2253 2778 2295 ς

666 2332 722 2383 et
773 2321 1007 2385 tandem
1063 2322 1305 2384 materia
1357 2319 1589 2385 residua
1632 2344 1695 2385 se
1744 2323 2165 2408 glomeraverit
2208 2325 2266 2387 in
2314 2325 2557 2401 orbem,
2591 2314 2773 2388 *unde

667 2423 901 2488 Tellus:
954 2424 1112 2509 quod
1140 2422 1353 2488 Stellas
1379 2423 1623 2497 attinet,
1676 2433 1811 2487 sunt
1844 2423 1977 2488 illae
2016 2424 2193 2490 modo
2226 2425 2537 2488 luminaria
2567 2426 2624 2488 in
2654 2425 2774 2488 Ex·

667 2544 852 2610 panso
883 2523 1191 2600 Universi,
1245 2545 1315 2587 ex
1341 2523 1476 2587 Sole
1503 2532 1560 2587 et
1588 2524 1715 2610 ejus
1742 2526 1878 2610 igne
1923 2535 1979 2588 et
2016 2526 2147 2590 luce
2178 2536 2414 2598 exorta;
2468 2526 2571 2590 Sol
2612 2526 2776 2587 enim

665 2625 916 2711 primum
949 2624 1060 2689 fuit
1084 2623 1234 2688 sicut
1267 2626 1542 2689 Oceanus
1569 2623 1803 2710 igneus,
1849 2625 1948 2712 qui
1980 2647 2051 2689 ne
2078 2625 2422 2690 incenderet
2447 2627 2776 2699 Tellurem,

668 2725 956 2813 excerpsit
982 2746 1054 2789 ex
1080 2747 1141 2789 se
1170 2723 1502 2792 flammulas
1528 2725 1821 2800 lucentes,
1874 2746 2024 2811 quae
2065 2727 2261 2790 locum
2288 2727 2532 2791 sortitae
2559 2727 2619 2789 in
2650 2748 2781 2788 am-

669 2825 794 2889 bitu
847 2824 1223 2913 perfecerunt
1270 2825 1659 2900 Universum,
1712 2826 1845 2889 inde
1902 2828 2028 2912 ejus
2081 2827 2564 2890 Firmamentum.
2656 2828 2781 2891 Sed

662 2927 820 2990 stetit
862 2949 1013 2993 unus
1053 2926 1210 2991 inter
1248 2926 1404 3001 illos,
1462 2927 1562 3014 qui
1603 2927 1778 3002 dixit,
1832 2927 2074 3001 erratis,
2134 2951 2258 2994 vos·
2284 2927 2560 2991 videmini
2606 2928 2782 2993 vohis

661 3028 977 3114 sapientes,
1023 3038 1082 3091 et
1118 3049 1230 3112 ego
1272 3029 1440 3092 vobis
1481 3026 1691 3092 videor
1728 3026 2008 3114 simplex,
2062 3036 2122 3091 at
2170 3050 2352 3113 usque
2394 3028 2453 3089 in
2494 3028 2780 3114 simplici-

663 3134 784 3188 tate
815 3146 945 3189 mea
975 3127 1193 3188 credidi
1224 3137 1279 3188 et
1308 3129 1517 3200 crede,
1565 3128 1724 3211 quod
1756 3127 2116 3192 Universum
2147 3150 2178 3191 a
2208 3127 2340 3192 Dco
2372 3138 2640 3191 creatum,
2677 3128 2784 3204 sit,

663 3233 723 3288 et
755 3225 892 3309 quia
923 3237 1133 3288 natura
1162 3234 1248 3288 est
1278 3226 1569 3298 universi,
1622 3226 1781 3311 quod
1821 3227 1991 3292 simul
2035 3237 2176 3291 tunc
2214 3229 2488 3293 universa
2524 3238 2778 3300 natura;

657 3325 704 3388 si
751 3323 980 3388 Natura
1026 3325 1274 3411 seipsam
1319 3326 1648 3401 creaverit,
1710 3322 1984 3389 fuissetne
2011 3330 2108 3394 illa
2138 3330 2214 3392 ab
2240 3340 2518 3404 aeterno,
2560 3329 2663 3393 sed
2695 3328 2782 3391 oh

661 3419 835 3509 quale
865 3424 1170 3487 delirium:
1226 3436 1283 3486 et
1314 3435 1454 3487 tunc
1486 3445 1633 3488 unus
1672 3445 1743 3487 ex
1782 3425 2141 3513 sapientibus
2179 3429 2260 3492 ita
2305 3430 2475 3493 dictis
2512 3430 2784 3493 accurrit

659 3525 899 3610 propius
941 3534 1000 3587 et
1044 3525 1281 3610 propius
1328 3525 1401 3586 ad
1444 3525 1599 3587 hunc
1642 3524 2010 3612 loquentem,
2063 3540 2121 3593 et
2162 3530 2427 3595 admovit
2474 3529 2781 3610 sinistram

659 3645 864 3689 aurem
893 3625 968 3688 ad
1000 3647 1064 3688 os
1091 3626 1251 3710 ejus,
1307 3625 1509 3686 dextra
1541 3625 1666 3707 ejus
1701 3627 1858 3690 auris
1886 3640 2015 3694 erat
2055 3632 2334 3694 obturata
2374 3630 2524 3693 sicut
2564 3650 2783 3718 gossy-

657 3724 788 3810 pio,
841 3735 899 3788 et
928 3723 1221 3811 quaesivit
1251 3724 1387 3809 quid
1416 3724 1693 3811 loquutus
1721 3736 1845 3803 est,
1890 3733 1947 3791 et
1977 3730 2023 3792 is
2052 3730 2282 3816 repetiit
2313 3730 2497 3800 idem;
2535 3741 2597 3793 et
2629 3741 2785 3793 tunc

656 3823 751 3888 ille
782 3827 878 3911 qui
907 3823 1194 3898 accurrit,
1246 3826 1733 3911 circuumspexit,
1780 3850 1920 3891 num
1950 3830 2162 3915 aliquis
2186 3830 2479 3894 Sacerdos
2520 3831 2782 3905 adesset,

655 3934 712 3987 et
735 3925 887 3992 vidit
917 3947 1096 3989 unum
1126 3944 1162 3989 a
1189 3923 1372 3990 latere
1401 3927 1724 4014 loquentis,
1759 3940 1817 3992 et
1848 3938 1989 3992 tunc
2018 3931 2288 4015 replicuit
2317 3930 2545 4005 dicens,
2576 3929 2784 3994 fateor

656 4027 833 4091 etiam
863 4045 1009 4113 ego,
1063 4024 1219 4114 quod
1251 4026 1526 4094 universa
1556 4037 1769 4093 natura
1796 4029 1870 4093 sit
1897 4049 1931 4091 a
1962 4028 2122 4107 Deo,
2171 4031 2273 4094 sed
2293 4060 2316 4104 ς.
2365 4040 2422 4092 et
2462 4041 2601 4093 tunc
2644 4031 2779 4094 abi-

657 4126 774 4197 vit,
827 4148 1136 4192 susurrans
1180 4149 1315 4191 cum
1355 4128 1556 4204 sociis,
1619 4137 1678 4191 et
1724 4127 1967 4214 inquiit‚
2016 4128 2131 4192 hoc
2176 4130 2294 4192 dixi
2344 4129 2480 4215 quia
2532 4139 2776 4215 praesto

660 4232 790 4285 erat
813 4220 1133 4300 Sacerdos,
1189 4249 1292 4294 vos
1325 4236 1383 4322 et
1420 4247 1534 4311 ego
1575 4227 1830 4299 scimus,
1884 4227 2039 4308 quod
2083 4236 2293 4293 natura
2337 4229 2407 4292 sit
2452 4251 2485 4292 a
2535 4238 2780 4304 natura,
