3309 4775
693 361 761 409 912
920 348 1377 401 umivssuss
1424 348 1954 400 Tui-:onusti
2014 349 2078 402 N.
2124 348 2186 401 c,
2234 348 2340 399 ET
2383 348 2449 405 N.
2496 349 2559 402 E.

687 505 802 569 sint
833 512 955 566 tres
983 500 1256 578 Gradus»,
1310 504 1407 589 qui
1439 511 1729 571 vocantur
1758 503 1976 588 gradus
2002 501 2358 578 altitudinis,
2410 510 2467 565 et
2494 501 2632 564 inde
2677 511 2806 566 tres

695 605 1026 689 Regiones,
1078 605 1399 668 secundum
1430 625 1574 689 quas
1601 603 1854 667 ordinati
1881 613 2016 667 sunt
2048 613 2166 668 tres
2194 603 2356 667 Caeli
2398 602 2688 688 angelici,
2744 613 2806 667 et

694 704 1014 769 secundum
1047 726 1192 791 quas
1220 705 1525 769 ordinatae
1554 715 1689 769 sunt
1724 704 1951 768 Mentes
1992 704 2320 779 humanae,
2372 725 2525 791 quae
2563 704 2653 767 sic
2697 705 2806 767 tri·

701 809 807 870 bus
830 806 943 869 illis
969 805 1160 871 Caelis
1185 804 1466 892 angelicis
1491 806 1983 893 correspondent;
2037 816 2095 868 et
2138 805 2297 891 quod
2342 806 2612 869 similiter
2663 804 2807 867 reli-

696 929 813 995 qua
844 905 936 970 hic
962 916 1019 970 et
1051 908 1147 970 ibi.
1231 908 1303 972 V.
1353 905 1531 986 Quod
1557 909 1632 970 sit
1661 907 2197 994 correspondentia
2237 906 2392 970 inter
2422 905 2519 969 illa
2552 927 2716 992 quae
2742 907 2805 969 in

698 1009 921 1071 Mundo
962 1008 1248 1096 spirituali
1290 1017 1457 1083 sunt,
1511 1016 1570 1070 et
1616 1010 1768 1071 inter
1808 1007 1905 1072 illa
1952 1030 2103 1096 quae
2148 1008 2203 1070 in
2247 1009 2470 1071 Mundo
2518 1008 2801 1072 naturali.

640 1110 643 1119 '
696 1109 795 1173 vl.
844 1107 1020 1188 Quod
1045 1110 1118 1173 sit
1146 1110 1333 1185 Ordo,
1379 1109 1438 1171 in
1465 1131 1639 1194 quem
1671 1109 1869 1172 omnia
1903 1118 1962 1172 et
1988 1109 2218 1196 singula
2252 1109 2552 1195 utriusque
2582 1109 2804 1173 Mundi

696 1219 893 1273 creata
939 1220 1087 1273 sunt.
1170 1210 1302 1273 Vn.
1352 1210 1529 1291 Quod
1574 1211 1646 1272 de
1686 1210 1777 1274 his
1815 1211 2055 1274 omnino
2097 1211 2346 1295 primum
2390 1209 2803 1298 comparanda

694 1312 769 1375 sit
797 1311 962 1380 idea;
1018 1312 1175 1397 qnod
1218 1312 1322 1376 nisi
1366 1310 1458 1383 lit,
1516 1312 1686 1374 Mens
1726 1308 1981 1375 humana
2023 1332 2093 1374 ex
2137 1333 2298 1374 mera
2345 1311 2688 1398 ignorantia
2727 1313 2802 1375 de

697 1411 806 1475 illis
826 1461 841 1486 ‚
897 1409 1063 1474 facile
1092 1413 1264 1475 cadat
1293 1414 1350 1474 in
1381 1413 1570 1475 ideam
1610 1412 1683 1475 de
1712 1412 2023 1476 Creatione
2052 1411 2326 1477 Universi
2357 1434 2387 1473 a
2417 1411 2687 1488 Natura,
2738 1421 2801 1476 et

695 1535 765 1576 ex
794 1513 917 1576 sola
942 1510 1308 1579 Auctoritate
1341 1512 1746 1576 Ecclesiastica
1778 1513 1931 1576 dicat
1962 1513 2117 1600 quod
2145 1512 2373 1578 Natura
2404 1535 2436 1575 a
2469 1513 2596 1577 Deo
2630 1535 2801 1577 crea-

695 1623 753 1679 ta
781 1614 882 1684 sit;
928 1614 1030 1677 sed
1060 1616 1196 1701 quia
1227 1613 1408 1677 nescit
1437 1613 1770 1700 quomodo,
1809 1614 1855 1678 si
1884 1614 2127 1677 interius
2155 1614 2228 1677 de
2256 1613 2354 1678 illa
2386 1635 2448 1676 re
2473 1623 2798 1689 scrutatur,

694 1716 927 1779 labatur
982 1738 1199 1800 pronus
1252 1717 1309 1777 in
1364 1714 1828 1779 Naturalismum
1885 1725 2198 1801 negantem
2253 1715 2464 1780 Deum.
2561 1715 2796 1779 Verum

692 1816 847 1878 enim
880 1837 1055 1890 vero,
1097 1816 1231 1902 quia
1263 1816 1358 1878 illa
1379 1816 1724 1902 singulatim
1755 1837 2051 1904 exponere
2076 1826 2133 1879 et
2162 1818 2599 1889 demonstrare,
2642 1815 2798 1879 sicut

694 1925 956 2004 oportet,
1013 1918 1207 2003 magni
1237 1916 1562 1981 voluminis
1591 1940 1737 2004 opus
1781 1917 1966 1992 foret,
2022 1927 2078 1980 et
2117 1939 2351 2004 quoque
2394 1938 2509 1980 non
2552 1918 2794 2004 proprie

692 2018 962 2106 Systema
991 2017 1419 2102 'l'heologicum
1452 2020 1606 2103 quod
1636 2017 1809 2103 hujus
1835 2019 1995 2082 Libri
2025 2028 2149 2092 est,
2205 2028 2265 2082 ut
2306 2018 2516 2082 lemma
2559 2025 2667 2081 aut
2695 2038 2795 2081 ar·

695 2128 1072 2202 gumentunn,
1127 2119 1485 2203 ingreditur,
1541 2118 1678 2182 volo
1733 2119 1922 2183 solum
1965 2120 2162 2206 aliqua
2208 2120 2669 2184 thousmua
2707 2118 2797 2183 af-

696 2216 883 2290 ferre,
939 2240 1008 2281 ex
1039 2219 1250 2305 quibus
1277 2221 1403 2285 idea
1438 2220 1510 2282 de
1539 2219 1851 2284 Creatione
1882 2219 2157 2284 Universi
2188 2242 2219 2283 a
2249 2220 2378 2284 Deo
2418 2230 2608 2308 potest
2653 2242 2796 2284 con-

696 2319 838 2407 cipi,
893 2329 949 2381 et
976 2340 1047 2383 ex
1073 2324 1455 2410 conceptione
1487 2322 1694 2409 aliquis
1726 2320 1913 2385 faetus
1944 2332 2395 2409 repraesentans
2422 2321 2579 2384 illam
2609 2321 2791 2410 gigni.

1537 2473 1954 2515 *****

849 2632 949 2691 76.
1008 2628 1280 2693 Palmum
1316 2630 1763 2695 MEMORABILE.
1847 2627 2122 2706 Quodam
2173 2627 2264 2691 die
2304 2628 2362 2689 iu
2408 2626 2792 2691 meditatione

695 2729 771 2792 de
814 2728 1127 2794 Creatione
1175 2729 1450 2795 Universi
1497 2730 1619 2805 fui,
1673 2737 1726 2793 et
1777 2728 1913 2815 quia
1971 2727 2083 2793 hoc
2136 2737 2521 2815 perceperunt
2577 2727 2793 2815 Angeli

693 2852 868 2919 supra
903 2853 992 2894 me
1034 2851 1066 2894 a
1101 2830 1284 2896 latere
1323 2833 1566 2909 dextro,
1623 2830 1720 2895 ubi
1766 2838 1935 2893 erant
1975 2831 2075 2917 qui
2119 2830 2189 2893 de
2232 2830 2436 2894 eadem
2478 2829 2792 2916 aliquoties

692 2932 955 2996 meditati
982 2941 1042 2994 et
1071 2933 1402 2996 ratiocinati
1439 2942 1607 3009 sunt,
1661 2952 1846 3019 quare
1885 2953 2038 2995 unus
2078 2931 2373 2995 descendit
2417 2939 2476 2992 et
2515 2930 2793 2995 invitavit

693 3054 819 3107 me,
874 3042 932 3095 et
962 3032 1151 3115 factus
1177 3056 1305 3096 sum
1333 3035 1390 3096 in
1419 3035 1660 3120 spiritu,
1713 3041 1768 3095 et
1800 3034 2112 3096 comitatus
2138 3054 2264 3095 sum
2292 3031 2488 3107 illum,
2544 3043 2600 3095 et
2634 3039 2794 3119 post·

693 3155 869 3216 quam
901 3132 1146 3206 intravi,
1200 3133 1481 3199 deductus
1507 3156 1633 3198 sum
1665 3134 1738 3196 ad
1770 3134 2099 3221 Principem
2120 3182 2135 3208 ,
2188 3133 2242 3195 in
2272 3133 2437 3218 cujus
2468 3134 2616 3196 Aula
2650 3153 2794 3195 con-

694 3243 974 3319 gregatos
1013 3234 1086 3296 ad
1127 3244 1404 3298 centenos
1448 3234 1595 3307 vidi,
1650 3244 1708 3295 et
1750 3232 2029 3322 Princeps
2074 3235 2130 3296 in
2173 3235 2365 3297 medio
2406 3234 2676 3297 illorum:
2726 3242 2791 3296 et

691 3343 834 3398 tunc
864 3356 1013 3399 unus
1037 3356 1104 3397 ex
1134 3335 1242 3398 illis
1282 3335 1454 3410 dixit,
1510 3334 1876 3421 percepimus
1914 3335 2008 3398 hic
2049 3336 2204 3421 quod
2245 3335 2557 3399 meditatus
2596 3335 2674 3398 sis
2712 3333 2788 3397 de

692 3435 1006 3499 Creatione
1035 3434 1343 3509 Universi,
1395 3445 1454 3499 et
1481 3457 1589 3499 nos
1626 3435 1686 3497 in
1729 3435 1897 3498 simili
1928 3437 2308 3500 meditatione
2337 3436 2648 3522 aliquoties
2676 3433 2789 3498 sui·

695 3558 850 3610 mus,
900 3537 1000 3599 sed
1059 3557 1174 3599 non
1229 3537 1524 3624 potuimus
1569 3536 1950 3614 concludere,
2004 3538 2280 3624 quoniam
2330 3536 2788 3623 cogitationibus

693 3637 907 3701 nostris
945 3636 1191 3700 inhaesit
1240 3637 1369 3701 idea
1418 3639 1487 3701 de
1517 3637 1712 3714 Chao,
1765 3639 1921 3724 quod
1961 3637 2074 3702 hoc
2101 3640 2249 3702 sicut
2276 3659 2552 3721 magnum
2583 3639 2785 3701 Ovum

688 3737 895 3813 fuerit,
949 3760 1019 3802 ex
1050 3760 1166 3823 quo
1195 3738 1425 3803 exclusa
1456 3738 1693 3804 fuerunt
1716 3740 1911 3803 omnia
1941 3750 1998 3803 et
2024 3740 2253 3825 singula
2285 3740 2557 3803 Universi
2591 3740 2649 3801 in
2674 3759 2786 3801 suo

691 3837 946 3911 Ordine;
1001 3862 1133 3903 cum
1176 3849 1373 3903 tamen
1412 3862 1569 3904 nunc
1613 3840 1997 3929 percipimus,
2051 3842 2207 3928 quod
2254 3850 2482 3904 tautum
2529 3839 2787 3904 Univer-

687 3960 814 4003 sum
872 3962 986 4003 non
1035 3940 1289 4026 potuerit
1335 3942 1415 4006 ita
1458 3942 1727 4012 excludi3
1799 3950 1920 4005 tum
1967 3943 2143 4018 etiam
2194 3940 2444 4006 inhaesit
2489 3940 2785 4004 mentibus

690 4040 902 4105 nostris
928 4040 1057 4104 idea
1087 4041 1232 4117 alia,
1287 4064 1438 4129 quae
1470 4053 1630 4120 erat,
1685 4041 1841 4128 quod
1875 4063 1905 4105 a
1938 4042 2066 4105 Deo
2095 4043 2290 4106 omnia
2332 4053 2533 4107 creata
2571 4041 2686 4105 sint
2710 4060 2784 4103 ex

691 4139 903 4213 nihilo,
956 4153 1014 4205 et
1053 4151 1253 4205 tamen
1298 4165 1452 4207 nunc
1493 4143 1873 4229 percipimus,
1929 4142 2085 4226 quod
2129 4166 2198 4207 ex
2241 4140 2422 4207 nihilo
2466 4142 2608 4205 nihil
2649 4140 2782 4213 fiat,

694 4248 753 4301 et
795 4261 864 4302 ex
905 4239 994 4304 his
1038 4243 1265 4306 duabus
1310 4244 1453 4307 ideis
1496 4243 1729 4306 Mentes
1777 4251 2011 4306 nostrae
2057 4242 2315 4306 nondum
2361 4264 2420 4306 se
2469 4249 2784 4331 potuerunt
