3309 4775
1128 346 1198 394 66
1354 333 1503 387 UNI
1534 332 1824 387 VERSA
1870 333 2404 387 THEOLOGIA
2454 334 2520 391 N.
2566 333 2628 386 C.
2672 335 2775 386 ET
2815 332 2881 385 N.
2926 334 2991 389 E.

1127 498 1183 552 et
1210 509 1379 553 amor
1402 486 1689 551 individui
1720 487 1992 562 comites,
2044 508 2153 550 nec
2184 497 2424 574 possunt
2461 488 2588 573 plus
2618 489 2880 574 separari
2909 510 3089 574 quam
3124 512 3230 552 vo-

1124 592 1318 655 luntas
1338 597 1397 652 et
1424 589 1774 663 intellectus,
1802 599 1903 653 aut
1931 587 2163 659 affectio
2191 599 2248 652 et
2278 590 2579 674 cogitatio,
2599 591 2717 652 imo
2749 611 2866 653 non
2899 591 3029 677 plus
3048 614 3231 674 quam

1127 692 1376 757 essentia
1407 701 1462 753 et
1492 690 1715 761 forman
1770 712 1955 777 quare
1993 691 2145 754 sicut
2188 688 2370 753 homo
2410 690 2587 754 sumit
2626 692 2928 755 scientiam
2972 692 3054 755 ab
3081 692 3230 767 aliis,

1125 794 1205 855 ita
1234 814 1294 856 se
1326 792 1379 855 ei
1407 791 1674 878 adjungit
1701 814 1869 856 amor
1898 802 1962 855 ut
1989 792 2114 877 ejus
2140 812 2367 855 comes:
2423 791 2769 856 universalis
2810 814 2978 856 amor
3021 794 3127 875 qui
3170 815 3232 856 se

1127 893 1421 979 adjungit,
1477 902 1563 955 est
1592 914 1760 957 amor
1787 894 2040 967 sciendi,
2092 902 2151 956 et
2192 902 2390 976 postea
2434 892 2794 979 intelligendi
2833 903 2892 956 et
2929 894 3233 981 sapiendi;

1127 995 1184 1059 hi
1215 1015 1444 1058 amores
1469 1005 1601 1056 sunt
1628 995 1740 1060 soli
1767 994 2020 1069 homini,
2071 1004 2128 1057 et
2160 993 2300 1055 nulli
2332 994 2582 1068 bestiae,
2635 1016 2704 1056 ac
2731 992 2986 1058 influunt
3014 1017 3051 1058 a
3077 994 3232 1059 Deo.

1128 1097 1256 1161 Nos
1302 1096 1687 1160 convenimus
1731 1118 1864 1158 cum
1918 1095 2221 1159 sodalibus
2267 1097 2479 1158 nostris
2526 1096 2602 1157 ab
2653 1094 3011 1169 Occidente,
3068 1083 3234 1181 quod

1129 1198 1306 1261 homo
1349 1217 1467 1259 non
1511 1208 1788 1261 nascatur
1831 1196 1890 1259 in
1932 1196 2116 1259 ullum
2161 1216 2457 1271 amorem,
2508 1205 2565 1258 et
2612 1196 2747 1259 inde
2788 1218 2896 1259 nec
2942 1198 2999 1258 in
3050 1196 3233 1259 ullam

1126 1297 1464 1372 scientiam,
1513 1299 1613 1361 sed
1643 1297 1799 1384 quod
1827 1296 2015 1363 solum
2058 1304 2333 1360 nascatur
2365 1296 2423 1359 in
2453 1297 2886 1360 inclinationem
2914 1300 2992 1361 ad
3025 1319 3236 1361 aman-

1131 1401 1289 1474 dum,
1331 1408 1387 1460 et
1420 1398 1553 1459 inde
1583 1400 1642 1459 in
1672 1397 2008 1464 facultatem
2039 1398 2111 1461 ad
2143 1397 2541 1486 recipiendum
2574 1400 2878 1474 scientias,
2932 1422 3062 1462 non
3090 1422 3125 1463 a
3155 1421 3237 1475 se,

1131 1498 1232 1564 sed
1261 1499 1337 1563 ab
1368 1500 1527 1575 aliis,
1584 1500 1694 1562 hoc
1722 1509 1837 1574 est,
1893 1521 2001 1586 per
2024 1500 2199 1571 alios;
2257 1521 2360 1584 per
2387 1498 2531 1562 alios
2564 1500 2807 1575 dicitnr,
2860 1500 2998 1586 quia
3032 1523 3150 1563 nec
3176 1499 3235 1562 hi

1129 1609 1479 1688 receperunt
1524 1601 1741 1686 aliquid
1789 1623 1821 1664 a
1867 1622 1958 1674 se,
2010 1601 2110 1665 sed
2159 1600 2468 1685 originitus
2520 1622 2551 1662 a
2597 1600 2743 1664 Deo.
2824 1600 3235 1667 Convenimus

1130 1704 1307 1765 etiam
1341 1723 1468 1765 cum
1498 1704 1797 1766 sodalibus
1824 1704 2036 1765 nostris
2062 1701 2138 1765 ad
2166 1701 2670 1789 Septentrionem,
2711 1704 2864 1788 quod
2893 1702 3082 1766 homo
3118 1704 3234 1787 pri-

1130 1826 1288 1867 mum
1319 1812 1490 1868 natus
1518 1804 1589 1867 sit
1617 1805 1765 1867 sicut
1792 1803 2033 1876 humus,
2092 1804 2183 1865 cui
2225 1824 2343 1867 non
2384 1801 2580 1889 aliqua
2622 1804 2843 1867 semina
2873 1804 3228 1890 implantata

1127 1915 1294 1980 sunt,
1333 1906 1434 1968 sed
1463 1907 1553 1967 cui
1587 1906 1783 1968 omnia
1817 1912 1935 1966 tam
1964 1904 2182 1968 nobilia
2211 1926 2387 1990 quam
2418 1904 2696 1989 ignobilia
2726 1904 3067 1992 implantari
3099 1927 3232 1992 pos-

1128 2015 1296 2076 sunt;
1350 2006 1486 2068 inde
1515 2006 1785 2091 estquod
1820 2005 2019 2069 Homo
2056 2006 2247 2070 dictus
2285 2005 2359 2069 sit
2398 2006 2473 2069 ab
2518 2005 2749 2079 Humo,
2801 2027 2873 2068 ac
2913 2003 3116 2069 Amm
3156 2007 3230 2070 ab

1131 2107 1357 2170 Adama
1389 2129 1538 2192 quac
1568 2117 1650 2169 est
1683 2107 1929 2169 Humus.
2015 2107 2124 2170 His
2152 2106 2484 2189 adjicimus,
2528 2108 2685 2189 quod
2713 2106 2946 2170 Bestiae
2976 2128 3229 2172 nascan-

1131 2219 1229 2272 tur
1255 2206 1312 2268 in
1342 2207 1635 2271 naturales
1675 2228 1937 2281 amores,
1991 2219 2049 2270 et
2076 2208 2210 2271 inde
2238 2208 2297 2270 in
2323 2207 2596 2271 scientias
2625 2208 2731 2271 illis
2760 2209 3229 2295 corresponden-

1134 2319 1250 2382 tes,
1304 2317 1361 2370 et
1410 2310 1566 2395 quod
1615 2331 1796 2397 usque
1841 2330 1959 2372 non
2000 2310 2219 2394 aliquid
2265 2330 2334 2371 ex
2374 2309 2630 2373 scientiis
2672 2310 2891 2384 sciant,
2945 2310 3225 2395 cogitent,

1133 2411 1489 2495 intelligant,
1542 2423 1597 2474 et
1628 2413 1888 2498 sapiant,
1938 2413 2038 2474 sed
2069 2412 2226 2497 quod
2254 2409 2328 2473 ad
2358 2410 2485 2475 illas
2523 2432 2592 2474 ex
2637 2411 2940 2474 amoribus
2976 2414 3101 2476 suis
3147 2409 3226 2473 se-

1135 2522 1370 2589 rantur,
1427 2532 1608 2602 paene
1649 2514 1799 2577 sicut
1839 2513 1995 2575 caeci
2042 2535 2146 2598 per
2173 2512 2397 2599 plateas
2424 2534 2456 2576 a
2486 2512 2758 2586 canibuS,
2813 2512 3009 2598 quoad
3059 2512 3225 2575 intel-

1134 2614 1347 2678 lectum
1380 2613 1532 2677 enim
1577 2636 1786 2678 caecae
1825 2623 1993 2686 sunt;
2050 2623 2107 2676 at
2149 2615 2341 2701 potius
2382 2614 2531 2676 sicut
2571 2613 2961 2688 noctambuli‚
3017 2614 3120 2698 qui
3164 2633 3223 2675 ex

1132 2738 1306 2781 caeca
1337 2717 1615 2787 scientia,
1664 2717 1856 2802 sopito
1885 2714 2214 2790 intellectu,
2261 2712 2482 2793 faciunt
2511 2736 2661 2801 quae
2694 2713 2929 2778 faciunt.
3003 2713 3225 2778 Ultimo

1130 2818 1359 2905 loquuti
1402 2827 1536 2882 sunt
1584 2817 2017 2893 ΟειιΕΝτΑιΕε,
2072 2825 2127 2878 et
2174 2815 2481 2890 dixerunt,
2549 2816 2944 2879 consentimus
2988 2817 3065 2878 ad
3112 2814 3227 2890 illa,

1128 2941 1280 3004 quae
1310 2919 1528 2982 fratres
1552 2919 1737 2982 nostri
1772 2918 1995 3003 loquuti
2028 2929 2195 2992 sunt,
2245 2916 2403 3003 quod
2444 2914 2622 2979 homo
2665 2915 2805 2979 nibil
2846 2917 2991 2980 sciat
3034 2938 3108 2979 ex
3150 2937 3226 2989 se,

1130 3018 1231 3081 sed
1261 3041 1331 3081 ex
1362 3019 1485 3082 aliis
1513 3028 1569 3081 et
1604 3041 1708 3104 per
1739 3019 1914 3093 alios,
1967 3030 2032 3081 ut
2079 3027 2399 3105 cognoscat
2432 3028 2489 3081 et
2529 3027 2842 3102 agnoscat,
2895 3018 3057 3102 quod
3102 3040 3228 3079 om-

1131 3119 1228 3181 nia
1260 3140 1408 3206 quae
1436 3119 1572 3189 scit.
1631 3117 1898 3204 intelligit
1938 3129 1992 3180 et
2027 3121 2207 3206 sapit,
2256 3120 2372 3184 sint
2418 3139 2488 3183 ex
2524 3118 2683 3191 Deo;
2738 3127 2794 3181 et
2839 3118 2992 3203 quod
3048 3119 3229 3181 bomo

1131 3241 1251 3282 non
1283 3219 1456 3307 possit
1486 3219 1653 3282 aliter
1673 3221 1841 3288 ,nasci
1869 3229 1924 3280 et
1952 3219 2222 3304 generari
2252 3240 2283 3281 a
2314 3220 2478 3294 Deo,
2533 3240 2602 3281 ac
2628 3218 2753 3283 fieri
2800 3219 2985 3306 Ipsius
3027 3220 3229 3303 imago

1132 3330 1190 3384 et
1217 3319 1565 3390 similitudo;
1613 3341 1745 3383 nam
1777 3322 1973 3405 imago
2005 3319 2115 3382 Dei
2147 3318 2245 3392 fit,
2293 3341 2396 3405 per
2419 3319 2576 3406 quod
2604 3329 2884 3407 agnoscat
2914 3330 2971 3383 et
2999 3321 3231 3393 credat,

1133 3424 1290 3509 quod
1319 3442 1492 3486 omne
1523 3421 1743 3487 bonnm
1779 3421 1995 3483 amoris
2026 3429 2083 3481 et
2113 3420 2431 3497 charitatis,
2466 3430 2525 3484 et
2555 3442 2728 3485 omne
2757 3443 2964 3486 verum
2992 3422 3232 3509 sapien·

1130 3524 1246 3587 tiae
1275 3534 1331 3587 et
1360 3520 1524 3599 fidei,
1579 3520 1872 3606 acceperit
1901 3529 1960 3582 et
1994 3521 2242 3609 accipiat
2280 3542 2350 3585 ex
2383 3523 2547 3599 Deo,
2601 3533 2660 3586 et
2700 3545 2772 3585 ne
2815 3520 2996 3587 hilum
3028 3543 3103 3586 ex
3134 3544 3230 3593 se,-

1129 3635 1188 3688 et
1213 3623 1530 3692 similitudo
1562 3623 1673 3686 Dei
1697 3630 1814 3696 est,
1870 3643 1972 3708 per
2000 3622 2157 3709 quod
2184 3624 2396 3687 sentiat
2423 3623 2521 3688 illa
2551 3624 2610 3687 in
2637 3645 2699 3688 se
2728 3624 2878 3688 sicut
2905 3644 2939 3686 a
2967 3644 3063 3696 se;
3113 3621 3231 3686 hoc

1127 3726 1334 3798 sentit,
1390 3725 1524 3811 quia
1555 3740 1674 3786 non
1702 3723 1962 3786 nascitur
1986 3723 2044 3787 in
2070 3724 2375 3800 scientias,
2412 3724 2514 3789 sed
2542 3726 2751 3812 accipit
2779 3725 2937 3798 illas,
2973 3734 3032 3787 et
3067 3724 3230 3812 quod

1128 3827 1410 3914 accipiat,
1465 3834 1709 3912 apparet
1740 3825 1818 3888 illi
1850 3825 1994 3888 sicut
2023 3848 2056 3889 a
2084 3846 2177 3896 se;
2231 3826 2310 3889 ita
2340 3828 2559 3889 sentire
2590 3827 2765 3889 etiam
2793 3825 2970 3890 datur
3000 3826 3230 3889 bomini

1129 3948 1162 3990 a
1193 3927 1356 4002 De0,
1413 3937 1478 3990 ut
1506 3927 1580 3990 sit
1608 3926 1783 3989 homo
1814 3935 1869 3988 et
1896 3947 2014 3990 non
2052 3926 2268 4000 bestia,
2323 3927 2600 4010 quoniam
2643 3947 2747 4014 per
2779 3925 2835 3988 id
2877 3925 3034 4012 quod
3067 3925 3227 4001 velit,

1129 4029 1378 4112 cogitet,
1433 4038 1620 4105 amet,
1672 4028 1845 4100 sciat,
1900 4027 2191 4112 intelligat
2237 4028 2525 4114 et‘sapiat
2567 4028 2715 4092 sicut
2756 4047 2825 4090 ex
2866 4049 2961 4102 se,
3015 4027 3229 4113 recipit

1127 4131 1432 4204 scientias,
1487 4139 1545 4192 et
1573 4129 1788 4192 exaltat
1817 4127 1946 4193 illas
1971 4128 2031 4189 in
2059 4126 2539 4210 intelligentiam,
2591 4137 2648 4190 et
2693 4149 2794 4213 per
2822 4127 3057 4190 illarum
3088 4149 3232 4193 usus

1129 4229 1187 4288 in
1223 4228 1597 4316 sapientiam,
1651 4229 1735 4291 ita
1768 4227 1928 4291 Deus
1972 4226 2274 4312 conjungit
2316 4225 2611 4290 hominem
2650 4227 2796 4303 sibi,
2842 4237 2899 4291 et
2941 4227 3128 4291 homo
3172 4249 3231 4292 se

2458 4500 2459 4503 Ἴ
2680 4473 2692 4483 ,s
2752 4458 2880 4513 ME„
