3309 4775
690 374 795 424 {76
916 361 1379 416 UNlVEssSA
1425 359 1958 414 THEOLoGtA
2012 360 2079 412 N.
2124 359 2187 410 C.
2230 358 2449 415 ET'N.
2490 358 2553 409 E.

683 542 723 582 a
746 538 986 591 sumne,
1045 513 1321 601 apparuit
1351 510 1492 576 mihi
1518 511 1624 577 Sol
1652 511 1861 575 Mundi
1887 510 2213 597 spiritualis
2237 512 2295 576 in
2322 534 2430 576 suo
2459 512 2697 597 jubare,
2740 522 2799 577 et

684 618 795 681 sub
822 617 926 681 illo
957 616 1074 680 vidi
1100 614 1313 679 Caelos
1340 613 1655 688 distantes,
1708 612 1859 676 sicut
1886 612 2089 676 Tellus
2128 633 2164 676 a
2197 634 2306 678 suo
2330 612 2499 685 Sole;
2554 623 2616 677 et
2655 623 2795 679 tunc

683 743 716 782 e
764 717 957 782 Caelis
1001 715 1238 781 auditae
1282 725 1417 778 sunt
1463 735 1640 779 voces
1685 710 2043 788 ineffabiles,
2097 733 2256 800 quae
2297 714 2472 778 simul
2511 715 2795 778 collectae

683 817 1156 883 articulabantur
1196 817 1256 878 in
1296 814 1410 879 hoc
1450 812 1721 889 effabile,
1773 812 1933 899 quod
1975 835 2130 878 unus
2175 813 2369 889 Deus,
2421 814 2521 899 qui
2571 815 2795 890 Homo,

682 919 786 993 sit,
841 919 1008 1004 cujus
1034 915 1438 981 habitaculum
1467 923 1554 979 est
1582 914 1640 977 in
1677 914 1817 979 Sole
1844 912 1976 987 illo;
2029 912 2148 978 hoc
2174 913 2547 978 articulatum
2580 914 2797 979 decidit

686 1042 793 1109 per
836 1018 1047 1084 Caelos
1089 1017 1310 1080 medios
1351 1018 1427 1082 ad
1466 1014 1773 1105 Infimum,
1827 1023 1887 1076 et
1929 1034 2002 1077 ex
2038 1013 2155 1078 hoc
2193 1015 2254 1077 in
2294 1015 2585 1079 Mundum
2627 1015 2796 1101 spiri·

686 1129 886 1193 tuum,
945 1119 1044 1183 ubi
1091 1140 1284 1190 eram;
1340 1127 1398 1182 et
1438 1115 1785 1204 appercepi,
1847 1114 2008 1199 quod
2054 1115 2185 1178 idea
2226 1117 2399 1179 unius
2436 1115 2590 1192 Dei,
2644 1136 2799 1201 quae

684 1229 815 1284 erat
859 1217 1130 1305 Angelis,-
1184 1219 1508 1282 secundum
1553 1216 1770 1302 gradus
1815 1214 2088 1302 delapsus
2132 1225 2464 1279 verteretur
2501 1216 2563 1279 iu
2601 1215 2797 1280 ideam
2913 1214 2918 1219 ’
2995 1284 3004 1295 ,

689 1321 862 1383 trium
909 1320 1207 1391 Deorun1;
1280 1318 1438 1404 quod
1485 1339 1617 1381 cum
1667 1315 2063 1379 observabam
2108 1315 2406 1400 ingressus
2450 1338 2583 1380 sum
2630 1316 2795 1404 loqui

689 1442 822 1483 cum
869 1418 1010 1495 illis,
1066 1419 1166 1505 qui
1212 1429 1331 1484 tres
1359 1418 1517 1484 Deos
1545 1416 1921 1501 cogitabant,
1973 1417 2205 1490 diceus,
2259 1416 2366 1490 oh,
2425 1438 2582 1503 quae
2622 1438 2799 1481 enor-

687 1521 886 1595 mitas,
943 1518 1096 1581 unde
1146 1520 1314 1583 vobis
1365 1517 1493 1591 illa;
1560 1525 1619 1580 et
1667 1515 2143 1604 respondebant,
2196 1516 2523 1603 cogitamus
2563 1526 2689 1582 tres
2728 1537 2806 1580 ex

688 1621 820 1685 idea
852 1620 1187 1705 perceptim
1218 1630 1417 1684 nostra
1445 1619 1515 1681 de
1548 1617 1679 1681 Deo
1705 1616 1937 1681 Triuno
1956 1664 1974 1692 ,
2026 1617 2129 1682 sed
2159 1614 2308 1681 baec
2335 1639 2519 1704 usque
2546 1639 2669 1680 uon
2701 1639 2807 1682 ca·

691 1721 775 1785 dit
815 1721 875 1783 in
903 1743 970 1785 os
999 1731 1298 1793 nostrum,
1354 1741 1486 1782 cum
1530 1718 1854 1803 loquimur,
1908 1739 2016 1782 nos
2053 1738 2286 1806 semper
2324 1718 2576 1783 dicimus
2619 1718 2806 1804 pleno

687 1843 792 1886 ore
834 1821 992 1908 quod
1036 1820 1197 1885 Deus
1240 1842 1388 1884 uuus
1428 1820 1532 1895 sit,
1585 1819 1632 1882 si
1681 1818 1738 1880 in
1782 1817 2079 1883 mentibus
2120 1818 2332 1883 nostris
2372 1820 2489 1883 alia
2527 1828 2653 1894 est,
2704 1818 2809 1892 sit,

694 1921 871 1985 modo
909 1943 1028 1985 nou
1060 1920 1317 1997 defluat,
1362 1929 1419 1982 et
1459 1917 1689 1983 scindat
1731 1918 2014 1983 unitatem
2060 1918 2169 1983 Dei
2213 1919 2272 1982 in
2317 1941 2452 1992 ore;
2506 1928 2569 1984 at
2613 1940 2809 2005 usque

683 2031 951 2109 tempore
993 2043 1028 2085 a
1070 2030 1338 2107 tempore
1380 2018 1616 2094 defluit,
1675 2019 1814 2106 quia
1859 2018 2041 2095 inest,
2094 2029 2152 2082 et
2198 2029 2339 2083 tunc
2380 2019 2427 2084 si
2483 2020 2812 2106 eloquere·

686 2143 853 2196 mur,
905 2122 1116 2184 dicturi
1143 2142 1400 2186 essemus
1429 2130 1547 2185 tres
1577 2120 1771 2195 Deos,
1826 2119 1928 2184 sed
1956 2119 2181 2185 zib-hoc
2225 2141 2535 2195 cavemus,
2592 2142 2666 2184 ue
2697 2141 2812 2184 ex·

687 2243 981 2306 ponantur
1039 2222 1179 2286 risui
1233 2220 1630 2295 audientium:
1709 2231 1768 2286 et
1830 2229 1972 2284 tunc
2034 2230 2236 2308 aperte
2302 2242 2373 2284 ex
2432 2221 2815 2306 cogitatione

688 2321 1122 2409 loquebantur,
1188 2322 1481 2400 dicentes,
1547 2341 1746 2384 noune
1800 2329 1934 2385 sunt
1986 2329 2103 2387 tres
2142 2321 2272 2396 Dii,
2322 2322 2461 2409 quia
2496 2332 2632 2385 sunt
2673 2330 2815 2385 tres

686 2422 986 2488 Personae
1027 2423 1315 2497 Divinae,
1367 2445 1617 2509 quarum
1668 2423 2031 2507 unaquaevis
2062 2432 2150 2487 est
2194 2423 2384 2498 Deus,
2439 2444 2547 2486 nec
2590 2444 2813 2509 possu-

686 2544 817 2587 mus
874 2523 1045 2588 aliter
1099 2524 1397 2609 cogitare,
1468 2545 1650 2610 quum
1712 2522 1971 2587 Antistes
2040 2522 2339 2587 Ecclesiae
2409 2533 2642 2589 nostrae
2729 2543 2813 2587 ex

681 2625 898 2690 scrinio
944 2634 1283 2691 sauctorum
1337 2645 1578 2689 suorum
1634 2625 2009 2708 dogmatum,
2063 2623 2345 2689 adscribit
2383 2624 2483 2688 uni
2523 2623 2813 2688 Creatio-

683 2746 854 2801 nem,
932 2725 1103 2789 alteri
1161 2724 1687 2812 Redemptiouem,
1752 2732 1814 2787 et
1869 2723 2040 2787 tertio
2089 2722 2667 2801 Sanctificationem,
2746 2732 2811 2787 et

683 2827 815 2911 plus
861 2847 995 2889 cum
1051 2827 1472 2913 proprietates,
1527 2825 1713 2891 cuivis
1750 2844 1950 2899 suam,
2003 2846 2151 2909 quas
2202 2824 2412 2890 asserit
2456 2824 2812 2889 'iucommu-

689 2926 1000 3002 nicabiles,
1053 2924 1164 2990 illis
1207 2925 1508 3002 attribuit,
1576 2945 1731 3012 quae
1779 2945 1899 2987 uun
1944 2925 2121 2989 modo
2163 2934 2301 2990 sunt
2345 2924 2613 3001 Creatio,
2673 2926 2815 2990 Re-

686 3025 977 3112 demptio,
1028 3038 1088 3090 et
1128 3024 1566 3101 sanctificatio,
1628 3026 1731 3089 sed
1778 3024 1952 3088 etiam
1997 3022 2343 3113 Imputatio,
2398 3025 2692 3092 Mediatio
2747 3034 2818 3089 et

691 3123 1009 3210 Operatio,
1060 3136 1223 3192 estne
1249 3137 1392 3191 tunc
1421 3148 1573 3190 unus
1601 3126 1701 3214 qui
1732 3126 1956 3189 creavit
1989 3147 2128 3200 nos,
2181 3136 2239 3191 et
2279 3125 2375 3190 ille
2417 3146 2655 3213 quoque
2690 3127 2818 3189 im-

687 3232 884 3314 putat,
935 3225 1085 3288 alter
1117 3228 1216 3312 qui
1248 3226 1496 3292 redemit
1526 3248 1666 3300 uos,
1719 3236 1776 3289 et
1806 3224 1903 3288 hic
1931 3247 2165 3314 quoque
2196 3227 2445 3300 mediat,
2495 3236 2555 3289 et
2581 3227 2820 3291 tertius

652 3322 788 3410 ·qui
828 3324 1272 3411 imputationem
1315 3327 1628 3392 mediatam
1659 3334 1972 3412 operatur,
2023 3336 2080 3389 et
2123 3326 2218 3390 hic
2255 3347 2492 3414 quoque
2526 3326 2822 3391 sanctifi-

684 3431 810 3487 cat:
866 3424 998 3511 quis
1039 3446 1158 3487 uon
1185 3427 1322 3503 scit,
1377 3427 1535 3511 quod
1564 3427 1747 3492 Filius
1779 3426 1889 3491 Dei
1928 3448 1962 3492 a
2006 3427 2136 3493 Deo
2174 3428 2356 3494 Patre
2395 3428 2453 3491 in
2491 3426 2818 3493 Mundum

691 3523 898 3589 missus
924 3525 1029 3598 sit,
1084 3536 1147 3590 ut
1173 3524 1374 3592 Genus
1400 3527 1722 3592 humanum
1754 3526 2103 3601 redimeret,
2155 3538 2214 3592 et
2253 3528 2338 3592 sic
2375 3527 2543 3591 fieret
2571 3528 2821 3615 Expin-

685 3634 814 3700 ποτ,
867 3624 1197 3700 Mediator,
1248 3627 1640 3715 Propitiator,
1688 3637 1751 3692 'et
1779 3626 2170 3702 Intercessor,
2227 3639 2283 3691 et
2328 3629 2462 3715 quia
2499 3627 2594 3692 hic
2635 3651 2819 3694 unus

681 3735 769 3789 est
811 3746 944 3789 cum
974 3726 1124 3792 Filio
1159 3728 1272 3790 Dei
1311 3730 1388 3791 ab
1431 3739 1705 3803 aeterno,
1759 3736 1971 3791 suntne
2002 3728 2153 3792 duae
2181 3728 2483 3794 Personae
2522 3750 2556 3792 a
2596 3750 2671 3794 se
2722 3729 2822 3793 di-

679 3827 959 3898 stinctae;
1012 3837 1070 3891 et
1101 3828 1238 3915 quia
1267 3828 1377 3892 hae
1406 3827 1558 3892 duae
1597 3829 1659 3891 iu
1686 3827 1866 3892 Caelo
1895 3840 2065 3904 suut,
2121 3850 2237 3893 una
2280 3829 2489 3894 sedens
2525 3828 2603 3892 ad
2652 3830 2819 3895 dex-

682 3935 833 3989 tram
864 3926 1105 3992 alterius
1125 3978 1139 4004 ,
1197 3928 1386 3993 eritne
1415 3929 1590 3993 tertia
1616 3928 1882 3993 Persona
1915 3951 2070 4015 quae
2099 3930 2338 3994 decreta
2375 3929 2434 3992 iu
2467 3928 2653 3996 Caelo
2703 3951 2820 3996 ex·

678 4037 962 4112 sequetur
988 4028 1047 4090 in
1075 4029 1323 4094 Mundo.
1379 4028 1490 4093 His
1519 4029 1763 4104 auditis,
1805 4028 1994 4104 tacui,
2043 4040 2103 4096 at
2132 4052 2361 4094 mecum
2390 4030 2674 4117 cogitavi,
2729 4029 2821 4095 oh

682 4147 832 4212 quae
863 4125 1131 4202 fatuitas,
1187 4149 1310 4192 uon
1342 4129 1534 4192 sciunt
1566 4128 1881 4214 quicquam
1913 4130 2070 4216 quod
2101 4131 2163 4194 in
2190 4130 2393 4198 Verbo
2423 4152 2525 4217 per
2555 4131 2820 4197 Media-

685 4226 905 4288 tiouem
944 4225 1320 4312 intelligitur:
1369 4235 1428 4290 et
1469 4236 1609 4290 tunc
1649 4248 1721 4290 ex
1763 4228 2044 4295 mandato
2072 4231 2317 4296 Domini
2358 4229 2828 4309 descenderunt
