3309 4775
1081 347 1149 395 tm
1309 331 1765 387 UMVERSA
1808 331 2338 385 THEOLOGIA
2382 331 2447 385 N.
2490 331 2536 384 C
2595 330 2703 383 ET
2744 331 2812 388 N.
2852 332 2918 387 E.

1081 511 1197 551 nun
1229 487 1469 551 ulterius
1501 487 1723 563 influit,
1776 509 1952 573 quam
1979 487 2123 551 sicut
2154 485 2335 551 homo
2362 486 2636 575 explanat
2665 486 2854 562 viam,
2900 508 3007 551 seu
3034 508 3184 575 ape-

1081 591 1153 651 rit
1185 591 1453 675 januam
1509 591 1553 651 si
1581 587 1697 652 hoc
1722 588 1862 677 facit
1893 610 2074 674 usque
2101 587 2176 651 ad
2201 609 2540 675 supremum
2568 610 2672 652 seu
2699 588 3010 652 caelestem
3038 608 3184 674 gra-

1077 691 1217 755 dum
1237 739 1253 767 ,
1309 699 1445 755 tunc
1473 691 1649 755 homo
1681 687 1743 752 fit
1773 711 1912 755 vere
1942 691 2139 775 imago
2166 688 2308 765 Dei,
2361 697 2418 752 et
2448 699 2578 775 post
2606 698 2854 753 mortem
2884 688 2948 752 fit
2973 689 3181 775 Ange·

1079 792 1169 855 lus
1193 793 1449 879 supremi
1477 791 1669 864 Caeli;
1723 800 1780 853 at
1810 792 1857 855 si
1887 790 2165 878 explanat·
2185 789 2339 853 viam
2379 811 2480 853 seu
2512 790 2701 877 aperit
2726 791 2964 877 januam
2994 791 3181 855 modo

1077 891 1153 955 ad
1197 895 1449 955 medium
1497 915 1597 955 seu
1646 892 2007 981 spiritualem
2064 890 2339 978 gradum,
2396 902 2535 955 tunc
2589 890 2768 954 homo
2825 891 3062 977 quidem
3111 889 3181 955 fit

1081 995 1277 1079 imago
1305 995 1417 1059 Dei
1437 1043 1453 1067 ,
1505 995 1604 1059 sed
1633 1015 1754 1058 non
1784 995 1841 1056 in
1871 994 1967 1056 illa
1998 994 2387 1081 perfectione,
2440 1002 2499 1056 et
2527 1003 2655 1082 post
2684 1002 2931 1056 mortem
2962 990 3027 1053 fit
3055 992 3182 1057 An-

1025 1095 1029 1099 ’
1077 1095 1241 1179 gelus
1273 1095 1445 1159 medii
1485 1093 1677 1167 [laelh
1730 1106 1789 1159 at
1834 1096 1880 1160 si
1924 1095 2100 1158 modo
2143 1093 2416 1179 explanat
2468 1094 2655 1170 viam,
2707 1114 2810 1157 seu
2857 1096 3043 1179 aperit
3085 1096 3181 1179 ja·

1077 1219 1253 1259 uuam
1289 1196 1477 1259 solum
1521 1195 1593 1259 ad·
1634 1195 1901 1259 ultimum
1943 1217 2045 1259 seu
2089 1194 2416 1258 naturalem
2451 1197 2730 1281 gradum,
2784 1203 2925 1260 tunc
2967 1193 3180 1270 homo,

1077 1299 1125 1363 si
1153 1299 1417 1383 agnoscit.
1445 1299 1635 1359 Deum
1655 1344 1671 1370 ‚
1724 1307 1779 1359 et
1810 1297 1979 1360 Illum
2010 1297 2223 1384 pietate
2250 1295 2465 1360 actuali
2496 1296 2666 1371 colit,
2722 1295 2784 1359 fit
2829 1298 3027 1380 imago
3057 1296 3182 1360 Dei

1077 1399 1137 1459 in
1165 1399 1373 1459 ultimo
1405 1399 1615 1483 gradu,
1669 1408 1728 1461 et
1758 1408 1887 1486 post
1929 1406 2175 1462 mortem
2226 1395 2288 1459 tit
2330 1393 2590 1481 Angelus
2634 1398 2820 1460 ultimi
2862 1398 3054 1462 Caeli:
3112 1406 3182 1461 at

1077 1499 1121 1563 si
1153 1523 1269 1563 nnn
1301 1499 1561 1583 agnoscit
1597 1498 1817 1576 Deum,
1870 1509 1928 1562 et
1956 1520 2072 1563 non
2102 1499 2238 1562 colit
2270 1500 2440 1563 Illum
2473 1500 2686 1585 pietate
2716 1499 2965 1571 actuali,
3011 1498 3182 1563 exuit

1077 1599 1385 1683 imaginem
1421 1603 1557 1675 Dei,
1601 1610 1658 1663 et
1688 1599 1751 1664 fit
1776 1601 1977 1665 similis
2005 1602 2234 1664 cuidam
2267 1599 2538 1674 animali,
2578 1610 2814 1689 praeter
2840 1602 2996 1686 quod
3026 1620 3181 1685 gau—

1076 1703 1209 1763 deat
1257 1703 1533 1767 facultate
1581 1701 1941 1788 intelligendi
1987 1711 2045 1764 et
2094 1703 2229 1764 inde
2276 1703 2580 1787 loquendi;
2636 1702 2683 1766 si
2730 1712 2869 1764 tunc
2915 1702 3182 1765 occludit

1073 1803 1321 1887 gradum
1349 1826 1682 1887 supremum
1717 1804 2079 1878 naturalem,
2122 1804 2221 1887 qui
2264 1802 2680 1890 correspondet
2720 1823 2996 1891 supremo
3039 1824 3179 1867 cae-

1077 1903 1237 1979 tes-ti,
1281 1903 1345 1967 fit
1385 1903 1581 1991 quoad
1621 1925 1885 1968 amorem
1932 1904 2135 1969 similis
2180 1905 2398 1968 bestiae
2442 1913 2669 1976 terrae;
2727 1916 2786 1967 at
2826 1905 2874 1968 si
2915 1904 3179 1968 occludit

1077 2007 1329 2067 medium
1373 2007 1616 2088 gradum
1660 2007 2020 2081 naturalem,
2066 2006 2163 2090 qui
2194 2007 2613 2090 correspondet
2642 2006 2833 2069 medio
2863 2004 3180 2093 spirituali,

1073 2103 1137 2167 fit
1169 2103 1357 2191 quoad
1389 2126 1647 2167 amorem
1692 2106 1838 2169 sicut
1869 2106 2091 2192 vulpes,
2143 2116 2201 2169 et
2231 2107 2422 2194 quoad
2454 2107 2637 2170 visum
2669 2106 2998 2171 intellectus
3023 2107 3179 2170 sicut

1077 2207 1201 2268 avis
1233 2227 1541 2291 vesperam
1597 2214 1654 2268 at
1695 2207 1739 2268 si
1785 2208 1958 2270 etiam
1999 2208 2264 2271 ultimum
2309 2206 2556 2293 gradum
2600 2207 2928 2272 naturalem
2974 2208 3176 2295 quoad

1077 2307 1377 2392 spirituale
1409 2307 1533 2388 ejus
1557 2307 1843 2384 occludit,
1897 2307 1960 2371 fit
1990 2307 2184 2394 quoad
2215 2330 2475 2371 amorem
2509 2310 2655 2373 sicut
2684 2308 2842 2384 sera,
2888 2319 2945 2372 et
2973 2310 3174 2395 quoad

1073 2408 1433 2472 intellectum
1469 2408 1593 2472 *reri
1630 2408 1778 2472 sicut
1821 2408 2005 2494 piscis.
2081 2407 2212 2473 Vita
2244 2409 2490 2486 Divina,
2544 2432 2698 2496 quae
2741 2432 2843 2498 per
2884 2410 3173 2476 influxum

1069 2532 1141 2572 er
1169 2511 1301 2576 Sole
1333 2511 1493 2572 Caeli
1521 2504 1788 2596 Angelici
1817 2519 2015 2574 actuat
2042 2509 2374 2586 hominem,
2427 2514 2756 2599 comparari
2803 2522 2992 2599 potest
3036 2533 3168 2575 cum

1073 2612 1229 2676 Luce
1261 2636 1329 2676 ex„
1357 2612 1493 2676 sule
1525 2611 1765 2687 Mundi,
1820 2621 1877 2676 et
1908 2633 2038 2675 cum
2074 2613 2198 2698 ejus
2228 2610 2453 2676 influxu
2497 2613 2555 2675 in
2588 2614 2885 2698 objectum
2930 2613 3176 2702 diapha-

1069 2736 1241 2787 num;
1273 2716 1529 2800 receptio·
1557 2713 1718 2776 ‘vitae
1747 2714 1806 2776 in
1834 2736 2108 2802 supremo
2139 2713 2326 2800 gradu
2355 2735 2485 2776 cum
2517 2712 2736 2776 influxu
2766 2713 2911 2777 lucis
2941 2717 2998 2777 in
3027 2715 3171 2778 ada·

1069 2828 1357 2888 mantem;
1413 2815 1673 2904 receptio
1705 2816 1861 2880 vitae
1887 2815 1946 2878 in
1974 2815 2234 2878 secundo
2264 2815 2453 2900 gradu
2492 2838 2623 2877 cum
2656 2814 2878 2878 influxu
2921 2816 3069 2880 lucis
3105 2815 3168 2878 in

1065 2916 1445 3004 crystallum,
1501 2928 1557 2980 et
1589 2917 1843 3002 receptio
1876 2917 2029 2980 vitae
2071 2917 2129 2979 in
2162 2915 2367 2979 ultimo
2411 2917 2595 2999 gradu
2639 2938 2770 2979 cum
2811 2915 3038 2980 influxu
3081 2917 3176 2980 lu-

1073 3016 1153 3080 cis
1201 3016 1253 3076 in
1305 3020 1553 3092 vitrum,
1605 3027 1706 3080 aut
1753 3017 1809 3079 in
1864 3018 2265 3081 membranam
2323 3027 2820 3104 transpareutem;
2877 3028 2937 3082 at
2979 3017 3029 3082 si
3074 3016 3174 3080 hic

1069 3116 1285 3200 gradus
1313 3116 1509 3200 quoad
1541 3116 1660 3204 ejus
1687 3118 1987 3203 spirituale
2018 3140 2256 3204 prorsus
2284 3118 2713 3192 occluderetur,
2746 3120 2902 3203 quod
2936 3117 2998 3181 fit
3028 3119 3171 3182 dum

1069 3228 1321 3300 negatur
1349 3220 1505 3280 Deus
1525 3264 1541 3292 ,
1589 3227 1642 3280 et
1672 3219 1882 3280 colitur
1906 3228 2171 3292 satanas,
2226 3221 2486 3304 receptio
2517 3220 2671 3282 vitae
2700 3240 2733 3282 a
2765 3219 2895 3282 Deo
2930 3240 3171 3306 compa-

1069 3320 1185 3380 rari
1237 3328 1421 3404 putus!
1469 3340 1601 3380 trum
1649 3317 1870 3382 influxu
1916 3319 2061 3381 lucis
2107 3319 2166 3382 in
2212 3341 2393 3403 opaca
2441 3311 2672 3392 terrae,
2726 3330 2788 3382 ut
2834 3321 2893 3382 in
2941 3322 3167 3406 lignum

1069 3428 1269 3504 putre,
1325 3428 1425 3480 aut
1473 3420 1529 3480 in
1573 3419 1848 3502 cespitem
1895 3419 2149 3503 paludis,
2201 3430 2303 3483 aut
2343 3423 2398 3484 in
2442 3421 2673 3495 fimum,
2728 3430 2785 3484 et
2825 3422 2907 3484 sic
2953 3443 3167 3508 porro;

1069 3520 1129 3584 fit
1157 3520 1309 3584 enim
1341 3520 1521 3584 humo
1553 3528 1690 3582 tunc
1718 3519 1975 3583 cadaver
2002 3520 2320 3607 spirituale.

1848 3619 1888 3658 ιιι
1967 3619 2006 3660 a*
2086 3618 2127 3660 at:
2207 3621 2246 3660 :r
2326 3621 2363 3661 ae

1221 3728 1317 3784 35,
1381 3724 1489 3788 His
1537 3721 1804 3807 adjiciant
1848 3719 1961 3785 hoc
2009 3723 2451 3787 Mammam.
2531 3722 2846 3801 Quondam
2895 3745 3057 3788 eram
3104 3725 3167 3788 in

1061 3836 1301 3912 stupore
1333 3824 1401 3888 de
1433 3824 1668 3908 ingente
1699 3823 2071 3887 multitudine
2099 3822 2422 3900 hominum,
2469 3824 2567 3910 qui
2595 3825 2982 3889 Creationem-
3002 3825 3169 3888 addi-

1065 3936 1201 3988 cunt
1241 3924 1541 4000 Naturae,
1589 3933 1646 3988 et
1691 3924 1825 3988 inde
1865 3925 2063 3988 omnia
2110 3945 2259 4012 quae
2301 3923 2411 3989 sub
2447 3925 2617 4002 Sole,
2671 3936 2729 3989 et
2768 3927 2964 3989 omnia
3012 3948 3165 4014 quae

1061 4048 1233 4112 supra
1285 4028 1479 4092 Solem
1521 4035 1691 4102 sunt,
1738 4026 1999 4092 dicentes
2043 4047 2115 4090 ex
2156 4025 2458 4112 agnitione
2502 4026 2726 4100 cordis,
2752 4013 2914 4090 'cum
2963 4027 3167 4091 vident

1061 4128 1317 4216 aliquid,
1369 4152 1565 4192 annun
1593 4127 1707 4196 hoc
1733 4128 2003 4193 Naturae
2039 4136 2155 4200 est;
2209 4136 2266 4191 et
2298 4147 2428 4190 cum
2460 4127 2933 4214 interrogantur,
2982 4150 3167 4215 quare

1065 4228 1265 4292 dicunt
1297 4228 1389 4292 illa
1421 4240 1669 4296 naturae
1698 4251 1857 4304 esse,
1912 4239 1967 4293 et
2000 4250 2103 4294 cur
2128 4248 2248 4292 non
2278 4227 2425 4306 Dei,
2473 4250 2604 4291 cum
2636 4235 2833 4291 tamen
2862 4227 3171 4317 aliquoties
