3309 4775
639 409 743 460 151⁸
865 397 1327 453 UNIVERSA
1371 396 1910 451 THEOLOGIA
1951 397 2020 452 N.
2066 395 2129 448 C.
2173 396 2284 447 ΕΤ
2326 397 2393 452 Ν.
2435 396 2505 449 Ε.

632 575 706 618 ex
733 550 883 626 illis,
929 550 1030 638 qui
1060 552 1118 613 in
1147 550 1470 615 Dominum
1501 548 1695 613 Deum
1723 548 2099 613 Salvatorem
2130 549 2411 624 credunt,
2464 560 2524 613 et
2555 550 2753 638 Ipsum

634 651 974 725 immediate
1003 651 1256 727 adeunt,
1309 660 1369 714 et
1404 650 1561 736 quod
1596 649 1810 736 reliqui
1848 650 2220 736 rejiciantur;
2274 671 2458 735 quare
2502 650 2550 715 si
2599 662 2755 738 post-

636 755 753 820 hac
797 753 1009 839 aliquis
1050 775 1083 816 e
1125 750 1465 817 Christiano
1508 752 1676 816 Orbe
1714 751 1777 813 iu
1818 750 2108 815 Mundum
2151 750 2528 838 spiritualem
2575 753 2758 826 venit,

639 853 799 943 quod
832 852 897 917 fit
924 853 1087 918 omni
1113 852 1339 917 homini
1370 862 1500 939 post
1530 860 1817 925 mortem,
1870 860 1928 914 et
1956 873 2073 915 non
2104 851 2165 915 iu
2190 852 2516 916 Dominum
2549 853 2758 927 credit,

639 966 701 1021 et
746 954 919 1018 Illum
965 955 1155 1020 solum
1198 954 1355 1030 adit,
1410 960 1469 1015 et
1507 951 1624 1016 hoc
1663 961 1805 1016 tunc
1855 973 1974 1015 non
2022 962 2213 1039 potest
2260 954 2562 1039 recipere,
2619 955 2755 1040 quia

639 1057 793 1121 male
822 1053 998 1133 vixit,
1051 1064 1157 1118 aut
1197 1055 1255 1118 in
1297 1052 1458 1118 falsis
1485 1074 1549 1117 se
1582 1052 1995 1128 confirmavit,
2045 1054 2106 1117 iu
2147 1053 2340 1141 primo
2386 1055 2642 1140 vestigio
2683 1054 2756 1117 ad

644 1157 893 1223 Caelum
929 1155 1264 1244 repellitur;
1318 1164 1377 1218 et
1418 1152 1595 1219 facies
1633 1154 1762 1240 ejus
1800 1153 1935 1217 inde
1976 1153 2295 1228 avertitur,
2352 1163 2409 1217 et
2454 1155 2760 1218 converti-

637 1268 738 1323 tur
765 1258 840 1320 ad
868 1257 1124 1320 Terram
1154 1254 1526 1331 lnferiorem,
1568 1276 1687 1341 quo
1712 1255 1891 1318 etiam
1922 1253 2066 1331 abit,
2104 1264 2161 1317 et
2187 1276 2248 1318 se
2278 1255 2592 1339 conjungit
2625 1276 2757 1318 cum

636 1357 753 1423 illis
778 1356 890 1430 ibi,
938 1357 1039 1441 qui
1083 1356 1140 1417 in
1168 1353 1525 1445 Apocalypsi
1555 1376 1661 1441 per
1683 1355 2026 1420 Draconem
2072 1363 2130 1419 et
2157 1354 2755 1443 pseudoprophetam

639 1455 1071 1542 intelliguntur.
1170 1456 1380 1520 Omnis
1418 1455 1595 1521 etiam
1643 1453 1827 1519 homo
1872 1455 1931 1518 in
1971 1456 2177 1520 Terris
2221 1455 2603 1529 Christianis,
2661 1457 2760 1541 qui

640 1578 762 1621 uon
806 1556 993 1621 credit
1034 1559 1093 1619 in
1143 1555 1495 1630 Dominum,
1551 1555 1799 1644 posthac
1835 1577 1946 1629 nec
1983 1555 2327 1620 exauditur:
2381 1556 2510 1641 ejus
2551 1577 2761 1641 preces

638 1661 702 1722 in
731 1658 913 1723 Caelo
939 1666 1074 1721 sunt
1101 1657 1252 1722 sicut
1279 1656 1495 1720 odores
1523 1657 1923 1733 maleolentes,
1958 1677 2028 1719 ac
2056 1657 2207 1721 sicut
2244 1657 2652 1722 eructationes
2690 1678 2758 1721 ex

642 1759 924 1848 pulmone
952 1761 1185 1831 saucio;
1241 1767 1298 1821 et
1339 1760 1384 1820 si
1415 1767 1655 1844 putatur
1685 1757 1843 1841 quod
1871 1758 2064 1821 oratio
2095 1759 2222 1843 ejus
2250 1759 2325 1820 sit
2352 1759 2502 1822 sicut
2528 1759 2761 1822 suffitus

640 1882 712 1925 ex
741 1859 937 1937 thure,
972 1880 1159 1945 usque
1187 1878 1307 1923 non
1334 1857 1599 1922 ascendit
1630 1857 1707 1922 ad
1735 1857 1978 1923 Caelum
2010 1858 2340 1943 angelicum
2372 1856 2547 1922 aliter
2574 1880 2756 1945 quam

639 1961 790 2024 sicut
815 1960 1013 2025 fumus
1035 1959 1332 2033 incendii,
1385 1957 1485 2044 qui
1514 1979 1548 2022 a
1578 1959 1837 2046 procella
1879 1958 2153 2023 deorsum
2200 1958 2445 2022 cadente
2479 1959 2760 2044 rejicitur

636 2062 700 2125 iu
727 2062 933 2124 oculos
960 2060 1114 2145 ejus,
1169 2069 1271 2121 aut
1298 2058 1447 2122 sicut
1475 2061 1700 2124 suffitus
1727 2081 1797 2123 ex
1835 2057 2138 2124 thuribulo
2177 2060 2289 2123 sub
2330 2059 2507 2145 pallio
2548 2081 2759 2122 mona-

640 2158 769 2234 chi,
822 2159 904 2224 ita
932 2158 1000 2222 fit
1027 2167 1156 2244 post
1183 2158 1296 2222 hoc
1322 2169 1552 2247 tempus
1593 2181 1729 2223 cum
1772 2160 1934 2222 omni
1976 2160 2228 2247 pietate,
2279 2181 2433 2245 quae
2474 2161 2758 2223 determi-

639 2269 821 2325 natur
849 2259 926 2323 ad
966 2259 1322 2322 Trinitatem
1357 2258 1704 2336 discretam,
1757 2270 1818 2323 et
1851 2282 1973 2324 non
2013 2260 2090 2324 ad
2127 2259 2536 2345 conjunctam;
2592 2262 2757 2346 quod

635 2361 695 2425 in
728 2359 990 2424 Domino
1019 2358 1240 2425 Divina
1265 2359 1534 2427 Trinitas
1561 2360 1882 2446 conjuncta
1907 2361 2002 2438 sit,
2034 2370 2118 2426 est
2148 2359 2323 2447 hujus
2348 2362 2563 2449 Operis
2595 2361 2750 2450 pria-

640 2459 830 2548 cipale
859 2462 1178 2547 objectum.
1260 2461 1379 2525 Hic
1405 2459 1646 2525 Novum
1675 2460 1790 2526 boc
1816 2462 2120 2549 adjiciam,
2175 2461 2333 2549 quod
2361 2473 2499 2525 ante
2528 2463 2756 2547 aliquot

640 2563 878 2629 Menses
907 2562 1215 2627 duodecim
1245 2560 1515 2648 Apostoli
1541 2584 1577 2626 a
1606 2562 1868 2627 Domino
1898 2562 2211 2628 convocati
2238 2562 2354 2626 sint
2374 2608 2392 2636 ,
2428 2571 2489 2625 et
2517 2566 2574 2626 in
2607 2563 2758 2627 Uni-

638 2685 875 2729 versum
905 2662 1197 2729 Mundum
1231 2662 1647 2750 spiritualem,
1695 2664 1849 2728 sicut
1889 2662 2050 2749 prius
2087 2662 2144 2725 in
2174 2663 2464 2727 Mundum
2509 2672 2754 2726 natura-

637 2762 791 2840 lem,
844 2764 1071 2840 emissi,
1125 2785 1258 2828 cum
1290 2763 1571 2828 mandato
1607 2773 1670 2827 ut
1698 2762 1815 2828 hoc
1844 2763 2234 2849 Evangelium
2275 2764 2646 2851 praedicent,
2696 2773 2754 2828 et

638 2874 777 2930 tunc
805 2865 990 2931 cuivis
1015 2865 1302 2954 Apostolo
1341 2885 1444 2927 sua
1491 2865 1685 2952 Regio
1727 2864 2000 2928 addicata
2041 2874 2159 2938 est;
2217 2864 2374 2950 quod
2406 2864 2752 2928 mandatum

636 2966 821 3031 etiam
850 2967 1009 3030 omui
1036 2965 1165 3030 zelo
1193 2974 1251 3029 et
1281 2987 1458 3051 opera
1489 2966 1730 3031 obeunt.
1812 2963 1929 3031 Sed
1958 2965 2031 3028 de
2070 2962 2161 3028 his
2200 2967 2261 3028 in
2291 2964 2515 3030 Ultimo
2544 2964 2757 3050 Capite

637 3062 817 3146 hujus
858 3064 1055 3141 Libri,
1108 3066 1209 3129 ubi
1250 3065 1323 3129 de
1370 3065 1928 3132 consummemus
1968 3065 2275 3142 SAEcum,
2329 3065 2400 3129 de
2439 3065 2753 3131 onssmu

639 3163 899 3228 Donum
918 3210 935 3238 ,
985 3172 1044 3227 et
1071 3164 1142 3226 de
1169 3164 1363 3228 Nova
1392 3164 1693 3230 Ecca-:sm
1710 3212 1726 3240 ,
1778 3167 1837 3228 in
1865 3166 2058 3252 specie
2085 3166 2461 3254 transigetur.

1375 3381 1994 3452 COROLLARIUM.

799 3567 944 3626 109.
1002 3562 1229 3625 Omnes
1256 3559 1588 3634 Ecclesiae,
1636 3582 1789 3648 quae
1817 3573 1955 3628 ante
1982 3565 2320 3631 Adventum
2354 3566 2590 3631 Domini
2620 3565 2755 3630 fue·

640 3672 810 3739 rant,
863 3661 1163 3727 Ecclesiae
1195 3661 1763 3747 Repraesentativae
1808 3663 2081 3758 fuerunt,
2133 3689 2289 3753 quae
2329 3667 2544 3731 Divina
2585 3666 2754 3730 Vera

637 3786 758 3829 non
787 3764 984 3828 videre
1025 3770 1346 3849 potuerunt
1387 3760 1495 3825 nisi
1523 3783 1699 3848 quam
1742 3762 1804 3827 in
1834 3765 2096 3838 Umbra;
2150 3776 2211 3830 at
2252 3778 2384 3854 post
2424 3768 2749 3832 adventurn

584 3857 591 3864 ’
636 3863 877 3930 Domini
904 3864 967 3927 in
993 3862 1304 3939 Mundum,
1346 3862 1608 3929 Ecclesia
1635 3866 1713 3928 ab
1741 3863 1877 3952 Ipso
1906 3866 2173 3940 instituta
2201 3875 2308 3943 est,
2347 3889 2501 3954 quae
2528 3866 2749 3931 Divina

633 3966 792 4043 Vera
830 3963 1006 4038 vidit,
1064 3970 1166 4027 aut
1205 3962 1431 4051 potius,
1486 3965 1688 4029 videre
1720 3965 1911 4051 potuit
1938 3965 2000 4027 in
2028 3966 2217 4039 Luce;
2273 3965 2602 4031 differentia
2640 3976 2749 4042 est,

636 4064 827 4150 qualis
867 4064 1023 4127 inter
1050 4063 1368 4151 Vesperam
1398 4074 1457 4131 et
1485 4065 1691 4138 Mane;
1746 4064 1948 4129 Status
1990 4065 2290 4132 Ecclesiae
2329 4077 2466 4131 ante
2508 4067 2750 4130 Adven-

636 4172 762 4226 tum
790 4163 1031 4227 Domini
1057 4164 1118 4227 in
1145 4164 1347 4232 Verbo
1375 4166 1556 4230 etiam
1596 4173 1847 4229 vocatur
1875 4164 2137 4251 Vespera
2155 4213 2172 4241 ,
2226 4174 2285 4230 et
2315 4166 2517 4231 Status
2541 4166 2748 4230 Eccle-

638 4261 759 4325 siae
816 4273 946 4350 post
999 4263 1320 4331 adventum
1373 4264 1597 4350 Ipsius,
1665 4270 1916 4327 vocatur
1970 4263 2164 4329 Mane.
2266 4266 2556 4331 Dominus
2609 4274 2752 4343 ante
