3309 4775
1093 391 1166 441 ΙΙ.
1246 389 1662 443 DOMINUS
1699 389 2280 447 REDEMPTOR.
2634 407 2739 455 ¹12⁷

632 544 771 610 culo
823 566 1035 608 nomen
1091 557 1289 618 tuum,
1343 553 1401 605 et
1459 543 1666 608 millies
1719 528 1892 619 alibi,
1963 543 2063 606 ubi
2118 543 2412 608 Dominus
2461 545 2741 613 Salvator

506 664 525 681 ⁴
633 656 834 712 noster
873 654 1125 709 vocatur
1153 643 1451 708 Jehovah.
1536 645 1707 709 Haec
1747 653 1837 707 est
1881 664 2023 707 vera
2065 644 2375 743 explicatio
2419 647 2738 711 verborum

631 747 796 811 istius
821 746 1142 811 Orationis.
1224 745 1550 830 Postquam
1592 744 1741 809 haec
1784 745 1941 808 dicta
1981 754 2147 819 sunt,
2202 745 2424 830 inspexi
2468 746 2627 823 illos,
2683 758 2742 811 et

632 846 1025 912 animadverti
1070 847 1426 910 mutationes
1472 844 1742 911 vultuum
1791 843 2115 909 secundum
2157 847 2515 913 mutationes
2554 856 2742 913 status

636 948 846 1011 mentis
872 947 1142 1022 illorum,
1196 945 1484 1031 quosdam
1527 945 1795 1010 faventes
1837 954 1896 1008 et
1938 967 2033 1009 me
2072 946 2407 1024 intuentes,
2451 948 2738 1034 quosdam

633 1069 754 1110 non
784 1046 1054 1113 faventes
1091 1057 1150 1110 et
1179 1069 1212 1110 a
1244 1068 1337 1110 me
1376 1069 1438 1111 se
1479 1055 1847 1110 avertentes:
1903 1055 1961 1109 et
2007 1054 2148 1109 tunc
2191 1049 2264 1111 ad
2306 1048 2572 1112 dextrum
2622 1051 2741 1113 vidi

634 1149 874 1213 Nubem
904 1148 1122 1233 opalini
1153 1147 1399 1221 coloris,
1453 1158 1510 1210 et
1541 1148 1616 1211 ad
1643 1147 1939 1212 sinistrum
1969 1147 2207 1212 Nubem
2242 1149 2462 1212 fuscam
2482 1199 2498 1226 ,
2544 1160 2602 1213 et
2628 1151 2739 1214 sub

635 1259 886 1334 utraque
918 1250 1067 1313 sicut
1099 1248 1468 1335 depluvium,
1525 1257 1582 1310 et
1623 1250 1735 1313 sub
1762 1247 1876 1310 hac
1907 1248 2057 1312 sicut
2085 1249 2289 1313 imbris
2331 1259 2597 1337 tempore
2626 1252 2741 1315 seri

636 1348 940 1424 autumni,
995 1358 1053 1412 et
1078 1351 1190 1413 sub
1220 1348 1319 1412 illa
1346 1351 1496 1413 sicut
1530 1349 1681 1413 roris
1711 1359 1978 1433 tempore
2004 1349 2172 1435 primi
2205 1350 2393 1421 veris;
2450 1359 2509 1413 et
2545 1351 2740 1415 subito

638 1458 783 1514 tunc
807 1472 839 1513 a
867 1449 1073 1536 spiritu
1102 1449 1293 1514 sactus
1330 1468 1456 1513 sum
1485 1450 1543 1512 in
1577 1471 1859 1536 corpore,
1913 1457 1973 1511 et
2010 1451 2093 1512 sic
2123 1471 2154 1512 e
2190 1451 2418 1514 Mundo
2456 1451 2742 1538 spirituali

638 1551 823 1612 redivi
853 1550 909 1612 in
939 1551 1227 1615 Mundum
1263 1551 1608 1614 naturalem.

798 1655 942 1714 113.
998 1651 1324 1730 Quarum
1360 1653 1806 1717 ΜΕινιοιιΛΒιιΕ.
1879 1650 2161 1737 Prospexi
2204 1651 2262 1712 in
2295 1650 2585 1715 Mundum
2615 1652 2747 1740 Spi-

635 1752 898 1825 ritunm,
952 1759 1010 1814 et
1042 1752 1157 1813 vidi
1184 1751 1522 1814 Exercitum
1554 1773 1731 1835 super
1761 1751 1944 1837 Equis
1978 1750 2117 1814 rufis
2158 1761 2217 1814 et
2256 1751 2469 1838 nigrim
2522 1752 2745 1816 Seden-

634 1862 724 1915 tes
751 1873 931 1940 super
957 1851 1069 1916 illis
1097 1853 1464 1939 apparebant
1491 1853 1641 1916 sicut
1668 1852 1887 1916 Simiae
1907 1902 1921 1927 ,
1982 1872 2188 1916 versae
2219 1852 2415 1938 quoad
2447 1852 2747 1916 faciem-et

635 1962 843 2036 pectus
872 1953 944 2015 ad
974 1953 1208 2016 lumbos
1248 1962 1306 2014 et
1342 1954 1560 2016 caudas
1591 1952 1927 2038 Equorum,
1985 1961 2050 2017 et=
2084 1953 2279 2037 quoad
2324 1952 2660 2040 occipitium
2689 1965 2749 2018 et

631 2062 869 2137 tergum
916 2054 989 2117 ad
1036 2053 1297 2116 cervices
1344 2062 1402 2114 et
1443 2053 1637 2139 capita
1680 2052 1952 2125 illorum,
2008 2061 2066 2115 et
2115 2053 2365 2139 capistra
2407 2054 2747 2142 pendebant

631 2154 859 2217 circum
893 2154 1041 2217 colla
1072 2154 1511 2237 Equitantium,
1564 2162 1621 2216 et
1653 2153 1990 2218 clamabant
2026 2165 2231 2216 contra
2263 2153 2614 2239 Equitantes
2650 2176 2747 2218 su·

629 2276 744 2340 per
769 2254 952 2338 Equis
991 2255 1173 2328 albis,
1226 2265 1283 2316 et
1325 2255 1649 2347 movebant
1690 2255 1954 2340 utrisque
1998 2253 2271 2317 manibus
2310 2254 2429 2319 suis
2471 2254 2744 2342 capistra,

627 2365 697 2418 at
740 2355 822 2418 sic
861 2353 1250 2420 retrahebant
1276 2355 1476 2442 Equos
1505 2376 1537 2418 a
1583 2375 1808 2440 pugna3
1864 2364 1920 2417 et
1962 2354 2075 2419 hoc
2119 2356 2412 2418 continue.
2496 2356 2552 2420 T
2558 2377 2669 2420 unc
2711 2379 2745 2420 e

625 2455 818 2519 Caelo
847 2477 909 2521 se
937 2456 1298 2521 demiserunt
1326 2457 1443 2522 duo
1471 2452 1718 2542 Angeli,
1774 2469 1832 2519 et
1864 2466 2152 2520 venerunt
2190 2456 2265 2519 ad
2305 2478 2433 2531 me,
2487 2466 2546 2520 et
2587 2457 2745 2520 dice-

624 2558 814 2631 bant,
867 2556 1007 2643 quid
1055 2557 1248 2630 vides,
1305 2566 1364 2620 et
1402 2556 1755 2631 narrabam,
1807 2558 1961 2643 quod
2008 2557 2238 2620 videam
2288 2567 2407 2620 tam
2455 2557 2743 2621 ludicrum

510 2673 515 2676 “
623 2657 1016 2742 Equitatum,
1068 2666 1126 2719 et
1157 2658 1420 2744 quaesivi
1463 2655 1603 2743 quid
1647 2657 1797 2729 boc,
1850 2669 1907 2719 et
1953 2658 2192 2742 quinam
2236 2656 2349 2731 illi,
2403 2667 2464 2719 et
2501 2679 2746 2745 respon-

620 2758 854 2822 derunt
884 2754 1126 2843 Angeli,
1180 2767 1316 2821 sunt
1344 2780 1375 2819 e
1406 2758 1572 2830 loco,
1625 2758 1725 2844 qui
1766 2769 2013 2820 vocatur
2052 2755 2505 2842 Armageddon‚
2559 2756 2741 2843 Apoc,

617 2857 781 2944 Cap.
815 2858 989 2922 XVI:
1041 2862 1155 2933 16,
1207 2860 1267 2921 in
1298 2880 1472 2943 quem
1510 2859 1851 2943 congregati
1891 2867 2026 2922 sunt
2064 2857 2137 2921 ad
2183 2857 2405 2942 aliquot
2448 2858 2625 2921 millia
2668 2860 2743 2922 ad

613 2958 1018 3045 pugnandum
1064 2967 1268 3022 contra
1312 2959 1472 3032 illos,
1527 2959 1625 3044 qui
1670 2980 1702 3021 e
1744 2958 1921 3022 Nova
1962 2957 2200 3021 Domini
2242 2959 2534 3033 Ecclesia,
2590 2980 2741 3044 quae

613 3067 893 3124 vocatur
922 3059 1099 3123 Nova
1133 3059 1552 3147 Hierosolyma
1574 3103 1589 3133 ,
1643 3070 1809 3129 suun
1866 3058 2262 3144 loquebantur
2292 3058 2349 3120 in
2378 3058 2511 3122 loco
2537 3059 2639 3122 illo
2669 3059 2741 3122 de

604 3158 898 3223 Ecclesia
943 3170 999 3222 et
1046 3160 1399 3244 Religione,
1452 3170 1508 3221 et
1557 3160 1955 3243 tamen-apud
2002 3158 2133 3221 illos
2177 3180 2294 3222 non
2345 3168 2473 3222 erat
2518 3158 2740 3246 aliquid

604 3258 968 3334 Ecclesiae,
1036 3263 1172 3345 quia
1229 3282 1347 3323 non
1402 3260 1637 3345 aliquod
1692 3259 1995 3347 spirituale
2050 3280 2291 3333 verum,
2355 3281 2466 3321 nec
2518 3259 2738 3345 aliquid

600 3359 995 3444 Religionis,
1049 3360 1189 3445 quia
1232 3382 1350 3423 non
1388 3361 1626 3447 aliquod
1670 3360 1974 3445 spirituale
2023 3360 2277 3430 bonum;
2341 3359 2742 3447 loquebantur

594 3460 706 3521 ibi
744 3482 848 3524 ore
878 3470 935 3523 et
966 3461 1140 3523 labiis
1168 3461 1239 3523 de
1281 3460 1392 3523 hac
1430 3472 1488 3524 et
1529 3463 1600 3523 de
1643 3462 1776 3533 illa,
1827 3461 1929 3524 sed
1973 3482 2045 3523 ex
2093 3480 2306 3534 causa,
2359 3470 2423 3523 ut
2466 3481 2570 3547 per
2610 3460 2738 3524 illas

590 3560 1107 3633 dominarentur;
1165 3562 1498 3624 didicerunt
1541 3564 1600 3624 in
1644 3563 1951 3646 juventute
2000 3559 2351 3623 confirmare
2392 3560 2593 3623 Solam
2642 3561 2740 3624 Fi-

586 3662 798 3734 dem,
853 3670 914 3724 et
956 3661 1174 3747 aliquid
1217 3663 1287 3724 de
1331 3663 1493 3736 Deo,
1545 3665 1646 3725 sed
1696 3682 1826 3724 cum
1873 3662 1948 3725 ad
1994 3661 2384 3724 eminentiora
2427 3660 2633 3725 Officia
2677 3662 2738 3724 in

578 3761 896 3825 Ecclesia
946 3764 1209 3848 provecti
1255 3772 1420 3837 sunt,
1472 3763 1837 3847 aliquamdiu
1885 3762 2258 3825 retinuerunt
2305 3761 2433 3834 illa;
2490 3771 2550 3824 at
2600 3761 2736 3848 quia

577 3872 774 3924 tunc
801 3870 1124 3949 caeperunt
1153 3885 1272 3925 non
1300 3864 1486 3948 magis
1513 3865 1775 3948 cogitare
1803 3863 1889 3929 ‚de
1920 3864 2049 3925 Deo
2077 3873 2134 3924 et
2165 3862 2237 3924 de
2265 3860 2480 3938 Caelo,
2531 3862 2634 3925 sed
2662 3862 2735 3926 de

566 3961 681 4025 Se
731 3972 796 4024 et
837 3963 908 4024 de
939 3962 1195 4037 Mundo,
1249 3964 1331 4027 ita
1371 3985 1491 4025 non
1531 3965 1603 4034 de
1647 3962 2008 4027 beatitudine
2050 3972 2110 4026 et
2152 3961 2430 4026 felicitate
2472 3970 2736 4036 aeterna,

562 4061 719 4127 sed
762 4062 832 4125 de
861 4063 1177 4128 eminentia
1207 4073 1263 4126 et
1292 4063 1592 4151 opulentia
1626 4063 1967 4149 temporali,
2020 4062 2357 4146 rejecerunt
2382 4060 2734 4126 doctrinalia

560 4164 655 4227 in
724 4162 1045 4247 juventute
1090 4173 1342 4227 attracta
1398 4184 1430 4226 e
1477 4164 1693 4228 Mentis
1739 4163 2043 4227 rationalis
2102 4163 2512 4237 interioribuS,
2584 4182 2735 4248 quae

558 4264 1068 4326 communicant
1097 4285 1229 4327 cum
1258 4262 1469 4339 Caelo,
1525 4273 1589 4327 et·
1610 4263 1746 4328 inde
1774 4264 1832 4326 in
1861 4264 1990 4326 luce
2019 4262 2180 4326 Caeli
2207 4271 2372 4339 sunt,
2428 4264 2486 4325 in
2517 4262 2735 4327 Mentis

2189 4361 2244 4422 K
2276 4360 2313 4400 2*
