3309 4775
1079 409 1149 455 55
1302 395 1771 449 UNIVERSA
1817 394 2351 449 'rnssohoela
2407 397 2475 452 N.
2520 395 2581 448 C.
2624 396 2734 447 ΕΤ
2775 396 2841 448 Ν.
2885 397 2949 449 Ε.

1075 550 1294 615 amoris
1316 559 1422 637 aut
1452 549 1753 614 charitatis
1779 571 1849 614 ac
1876 570 2082 615 verum
2110 549 2432 637 sapientiae
2459 560 2563 615 aut
2591 548 2725 614 fidei
2742 597 2760 625 ,
2811 551 3176 637 conjungun-

1076 662 1175 715 tur
1203 650 1359 739 apud
1387 650 1720 725 homiuem,
1774 660 2002 714 tantum
2043 650 2224 715 homo
2265 649 2329 713 fit
2374 654 2569 739 imago
2598 651 2741 726 Dei,
2795 672 2867 714 ac
2908 652 3177 717 elevatur

1081 752 1158 818 ad
1202 750 1444 817 Caelum
1490 762 1547 816 et
1587 752 1645 815 in
1690 751 1933 816 Caelum
1980 751 2077 816 ubi
2116 761 2253 816 sunt
2296 753 2523 839 angeii;
2575 762 2633 817 et
2683 752 2969 827 vicissim,
3019 754 3175 840 quod

1079 863 1364 941 quantum
1394 853 1516 917 duo
1542 853 1636 917 illa
1668 853 2011 919 dividuntur
2038 853 2115 916 ab
2142 852 2409 929 homine,
2441 863 2667 918 tantum
2696 853 2875 918 homo
2901 853 3006 917 fiat
3029 855 3175 917 ima-

1079 976 1160 1043 go
1201 953 1456 1019 Luciferi
1499 964 1557 1018 et
1594 953 1921 1031 Draconis,
1966 963 2025 1017 et
2062 953 2376 1040 dejiciatur
2410 976 2443 1018 e
2490 953 2672 1020 Caelo
2713 956 2772 1017 in
2817 965 3067 1030 terram,
3120 965 3179 1019 et

1081 1056 1217 1120 dein
1241 1056 1351 1120 sub
1379 1065 1596 1120 terram
1626 1055 1685 1117 in
1714 1055 2051 1119 Infernum:
2094 1076 2165 1118 ex
2184 1055 2614 1141 conjunctione
2639 1056 2892 1120 duorum
2920 1055 3179 1131 illorum,

1080 1156 1147 1221 fit
1185 1166 1370 1222 status
1413 1156 1669 1220 hominis
1704 1157 1854 1221 sicut
1898 1165 2083 1221 status
2125 1156 2355 1221 arboris
2398 1166 2662 1245 tempore
2704 1159 2890 1233 veris,
2942 1160 3182 1244 quando

1081 1258 1246 1323 calor
1271 1280 1333 1323 se
1374 1279 1672 1345 exaequo
1712 1257 2012 1344 conjungit
2052 1278 2184 1321 cum
2225 1258 2390 1334 luce,
2442 1257 2597 1323 unde
2638 1258 2763 1344 ejus
2802 1258 3181 1345 germinatio,

1079 1357 1483 1435 florescentia,
1536 1368 1594 1421 et
1633 1356 2038 1430 fructificatio;
2092 1366 2154 1422 at
2195 1359 2445 1423 vicissim
2486 1382 2555 1422 ex
2592 1358 2879 1424 divisione
2918 1357 3175 1423 duorum

1078 1459 1349 1535 illorum,
1401 1459 1466 1523 fit
1491 1468 1678 1524 status
1704 1459 1957 1524 hominis
1981 1459 2131 1523 sicut
2157 1468 2342 1524 status
2368 1460 2598 1525 arboris
2626 1470 2889 1547 tempore
2929 1458 3183 1549 hyemis,

1082 1560 1321 1647 quando
1351 1562 1512 1625 calor
1539 1582 1571 1624 a
1602 1562 1732 1624 luce
1760 1560 2011 1635 recedit,
2063 1560 2219 1623 unde
2261 1561 2388 1645 ejus
2413 1561 2729 1625 denudatio
2758 1571 2817 1624 et
2844 1562 3185 1625 decaivatio

1081 1662 1161 1726 ab
1198 1663 1360 1725 omni
1405 1660 1548 1725 folio
1599 1671 1657 1724 et
1702 1660 1927 1725 fronde
2023 1661 2279 1742 Quando
2320 1663 2636 1749 spiritualis
2682 1664 2877 1737 calor,
2944 1664 3043 1749 qui
3090 1674 3183 1727 est

1080 1786 1281 1837 amor,
1331 1772 1566 1849 separat
1613 1784 1673 1825 se
1718 1784 1752 1825 a
1803 1764 2088 1849 spirituali
2132 1763 2297 1840 luce,
2348 1785 2501 1849 quae
2552 1775 2638 1827 est
2679 1763 2996 1850 sapientia,
3052 1787 3184 1840 seu,

1080 1864 1238 1953 quod
1266 1864 1423 1927 idem
1448 1874 1565 1939 est,
1621 1863 1875 1928 charitas
1904 1885 1936 1927 a
1964 1862 2109 1936 fide.
2166 1861 2229 1926 fit
2253 1863 2432 1927 homo
2459 1864 2608 1928 sicut
2649 1862 2863 1929 humus
2904 1886 3185 1929 acescens

1080 1975 1182 2031 aut
1210 1974 1583 2050 putrescens,
1627 1964 1685 2027 in
1722 1987 1837 2048 qua
1876 1974 2195 2029 nascuntur
2237 1985 2498 2041 vermes,
2550 1976 2610 2029 et
2653 1965 2702 2029 si
2744 1965 3010 2055 producit
3059 1970 3183 2030 vir-

1081 2064 1278 2153 gulta,
1330 2065 1468 2129 folia
1508 2064 1740 2133 illorum
1787 2067 2106 2153 impientur.
2141 2065 2445 2152 pediculis.
2500 2076 2559 2129 et
2599 2075 3058 2138 consumuntur;
3109 2069 3175 2131 it-

1081 2167 1353 2231 lecebrae
1398 2167 1553 2231 enim
1596 2169 1809 2233 amoris
1852 2167 2020 2242 mali,
2076 2188 2229 2253 quae
2273 2168 2332 2229 in
2374 2189 2436 2231 se
2476 2176 2612 2231 sunt
2651 2167 3185 2256 concupiscentiae,

1083 2276 1429 2353 erumpunt,
1481 2290 1626 2353 quas
1654 2267 2046 2353 Intelligentia
2076 2289 2192 2331 non
2221 2267 2424 2332 domat
2453 2278 2513 2333 et
2541 2267 2873 2344 refraenat,
2914 2270 3016 2333 sed
3049 2270 3182 2333 diti·

1088 2370 1204 2457 git,
1257 2368 1466 2433 educat
1492 2378 1549 2431 ot
1579 2370 1791 2433 nutrit:
1846 2369 2064 2446 verbo,
2109 2368 2372 2435 dividere
2404 2391 2663 2434 amorem
2706 2380 2765 2434 et
2807 2369 3184 2456 sapientiam,

1083 2491 1190 2536 seu
1220 2469 1563 2535 charitatem
1593 2480 1650 2534 et
1683 2469 1856 2534 fidem
1875 2519 1892 2546 ,
1931 2491 2081 2556 quae
2109 2470 2225 2534 duo
2254 2471 2417 2535 Deus
2444 2472 2720 2536 continue
2760 2482 3010 2536 conatur
3040 2495 3183 2536 con-

1080 2574 1362 2659 jungere,
1417 2573 1817 2659 comparative
1868 2580 1952 2636 est
1994 2571 2141 2637 sicut
2191 2571 2411 2636 orbare
2460 2571 2669 2636 faciem
2716 2574 2964 2647 rubore,
3017 2574 3179 2636 unde

1083 2673 1274 2759 pallor
1299 2675 1449 2737 sicut
1479 2674 1727 2748 mortui,
1780 2682 1882 2737 aut
1910 2673 2143 2739 auferre
2170 2672 2486 2737 candorem
2516 2695 2551 2738 a
2591 2674 2837 2750 rubore,
2891 2673 3051 2737 unde
3098 2674 3183 2738 sa-

1081 2775 1196 2841 cies
1225 2773 1288 2838 fit
1315 2776 1464 2839 sicut
1489 2774 1582 2837 fax
1612 2773 2009 2838 inflammata:
2062 2783 2119 2837 et
2148 2794 2382 2860 quoque
2409 2773 2474 2838 fit
2508 2774 2663 2838 sicut
2698 2774 2992 2838 vinculum
3040 2797 3182 2838 con·

1077 2877 1291 2962 jugiale
1319 2877 1547 2940 solvere
1576 2876 1731 2939 inter
1760 2877 1935 2950 dum,
1990 2885 2049 2940 et
2085 2875 2278 2939 facere
2325 2883 2389 2937 ut
2432 2897 2578 2939 uxor
2614 2875 2712 2938 fiat
2753 2876 3071 2952 meretrix,
3124 2885 3186 2939 et

1083 2979 1176 3042 vir
1202 2977 1464 3049 adulter;
1521 2999 1691 3041 amor
1716 2980 1867 3041 enim
1900 2987 2002 3040 aut
2035 2976 2291 3040 charitas
2329 2986 2416 3039 est
2454 2976 2603 3040 sicut
2644 2976 2917 3053 maritus»,
2971 2997 3045 3040 ac
3088 2999 3183 3042 sa-

1082 3079 1298 3164 pientia
1330 3088 1432 3142 aut
1459 3077 1600 3142 fides
1628 3089 1713 3142 est
1739 3079 1888 3142 sicut
1916 3100 2098 3152 uxor,
2150 3087 2209 3140 et
2238 3099 2367 3140 cum
2397 3076 2516 3141 duo
2547 3076 2642 3142 illa
2683 3086 3033 3164 separantur
3052 3124 3071 3152 ,
3116 3077 3186 3141 fit

1077 3179 1395 3264 spiritualis
1423 3180 1821 3242 meretricatio
1850 3188 1908 3241 et
1948 3181 2261 3253 scortatio,
2313 3200 2465 3264 quae
2504 3189 2642 3243 sunt
2679 3177 3009 3245 falsificatio
3054 3180 3189 3244 veri

1076 3290 1135 3346 et
1175 3279 1529 3345 adulteratio
1574 3279 1732 3342 boni,

1234 3387 1334 3445 42.
1390 3381 1638 3446 Praeter
1666 3380 1813 3443 haec
1839 3378 2137 3443 sciendum
2167 3389 2287 3454 est,
2342 3380 2502 3467 quod
2539 3389 2656 3446 tres
2693 3382 2913 3467 gradus
2939 3383 3189 3447 amoris

1077 3493 1135 3546 et
1161 3483 1512 3568 sapientiae.
1568 3492 1623 3542 et
1654 3481 1788 3543 inde
1817 3490 1936 3543 tres
1966 3480 2179 3564 gradus
2206 3481 2361 3545 vitae
2386 3480 2529 3557 sint,
2585 3493 2645 3546 et
2672 3481 2828 3568 quod
2866 3482 3038 3547 Mens
3068 3481 3193 3546 hu-

1079 3605 1254 3648 mana
1295 3583 1616 3648 secundum
1643 3580 1769 3642 .hos
1812 3582 2028 3666 gradus
2064 3583 2211 3645 sicut
2255 3582 2310 3646 in
2352 3583 2622 3667 regiones
2661 3583 2915 3646 formata
2953 3585 3062 3658 sit,
3119 3594 3190 3646 et

1077 3685 1237 3772 quod
1263 3683 1383 3750 vita
1412 3684 1471 3745 in
1499 3700 1770 3768 suprema
1804 3683 2040 3768 regione
2072 3682 2126 3745 in
2154 3706 2431 3771 supremo
2458 3685 2643 3768 gradu
2672 3685 2778 3759 sit,
2827 3685 2885 3746 in
2912 3685 3191 3748 secunda

1077 3785 1320 3870 regione
1349 3785 1408 3846 in
1441 3783 1665 3846 niinorc
1698 3783 1913 3867 gradu,
1960 3796 2016 3845 et
2057 3785 2214 3870 quod
2253 3787 2313 3847 in
2347 3786 2548 3849 ultima
2588 3785 2832 3869 regione
2872 3785 2929 3846 in
2971 3784 3191 3850 infimo

1077 3885 1303 3972 gradu;
1356 3883 1469 3948 hae
1495 3883 1765 3966 regiones
1794 3886 2137 3972 aperiuntur
2176 3887 2502 3951 successive
2540 3887 2693 3975 apud
2732 3885 3030 3959 homines;
3091 3885 3189 3948 ul-

1079 3986 1221 4050 tima
1251 3985 1443 4073 regio,
1497 3984 1597 4049 ubi
1630 3985 1831 4049 vitain
1860 3985 2061 4050 infimo
2089 3986 2278 4073 gradu
2307 3996 2426 4063 est,
2477 3989 2556 4052 ab
2582 3987 2828 4053 infantia
2868 3987 2942 4050 ad
2978 3987 3189 4074 pueri-

1079 4088 1256 4162 tiam,
1308 4097 1366 4150 et
1392 4087 1503 4151 hoc
1530 4085 1596 4149 fit
1628 4109 1729 4175 per
1768 4088 2072 4160 scientias;
2124 4087 2381 4152 secunda
2422 4090 2620 4175 regio,
2673 4088 2773 4151 ubi
2821 4088 2941 4152 vita
2985 4098 3079 4152 est
3120 4087 3192 4151 in

1080 4186 1306 4266 maiore
1337 4188 1553 4273 gradu,
1605 4209 1638 4251 a
1672 4187 1921 4276 pueritia
1951 4187 2027 4251 ad
2055 4187 2543 4264 adolescentiam,
2592 4199 2650 4254 et
2689 4186 2803 4251 hoc
2846 4186 2909 4251 fit
2944 4209 3048 4274 per
3078 4210 3191 4252 co-

1078 4285 1398 4374 gitationes
1422 4311 1492 4354 ex
1517 4287 1807 4361 scientiis;
1863 4297 1921 4351 et
1949 4307 2221 4372 suprema
2252 4286 2445 4372 regio,
2499 4290 2597 4354 ubi
2641 4291 2758 4354 vita
2800 4289 2858 4351 in
2897 4309 3192 4374 supremo
