3309 4775
1219 603 1547 672 CAPUT
1596 606 2050 674 TERTIUM

1570 756 1678 807 DE

1015 866 1566 956 SPIRITU
1625 867 2228 971 SANGTO‚

1495 1021 1600 1072 ΕΤ
1652 1023 1762 1073 DE

775 1134 1338 1217 DIVINA
1427 1134 2474 1223 OPERATIONE.

742 1328 905 1389 138„
938 1326 1163 1392 Omnes
1205 1350 1236 1390 e
1274 1326 1459 1392 Sacro
1486 1328 1748 1404 Ordine,
1802 1328 1902 1415 qui
1941 1329 2195 1414 aliquam
2235 1330 2447 1415 justam
2490 1331 2680 1394 ideam

583 1425 661 1488 de
689 1424 945 1490 Domino
986 1427 1297 1492 Salvatore
1340 1437 1543 1492 nostro
1588 1427 1895 1505 foverunt,
1948 1427 2089 1492 dum
2129 1429 2355 1493 intrant
2391 1431 2679 1495 Mundum

579 1525 977 1610 spiritualem,
1033 1528 1190 1613 quod
1233 1529 1640 1615 utplurimum
1676 1528 1742 1592 fit
1767 1528 1945 1592 tertio
1973 1528 2066 1590 die
2096 1539 2223 1613 post
2251 1530 2512 1605 obitum,
2566 1533 2682 1617 pri·

579 1646 739 1695 mum
783 1624 1150 1691 instruuntur
1190 1628 1261 1691 de
1296 1628 1509 1692 Divina
1530 1629 1866 1700 'Trinitate;
1920 1637 1976 1690 et
2016 1629 2074 1691 in
2114 1629 2307 1713 specie
2350 1631 2421 1693 de
2456 1630 2676 1717 Spiritu

575 1723 829 1800 Sancto,
886 1727 1043 1812 quod
1071 1748 1190 1790 non
1217 1730 1289 1792 sit
1319 1728 1483 1792 Deus
1511 1750 1614 1813 per
1646 1750 1707 1792 se
1727 1780 1740 1804 ‚
1787 1730 1887 1793 sed
1907 1729 2074 1817 quod
2105 1750 2208 1817 per
2238 1729 2409 1793 Illum
2441 1730 2500 1792 in
2530 1731 2676 1793 Ver-

577 1823 655 1889 bo
686 1825 1047 1913 intelligatur
1072 1828 1290 1892 Divina
1321 1827 1606 1915 Operatio
1640 1830 1964 1915 procedens
1994 1851 2027 1892 a
2057 1828 2185 1892 Deo
2214 1829 2349 1893 Uno
2384 1839 2441 1892 et
2471 1830 2681 1895 Omni-

478 1966 483 1970 ·
579 1936 923 2009 praesente;
978 1949 1150 1990 causa
1186 1927 1345 2012 quod
1373 1928 1443 1991 de
1470 1928 1692 2015 Spiritu
1720 1930 1938 2003 Sancto
1971 1931 2027 1992 in
2061 1930 2251 2017 specie
2293 1931 2678 2005 instruantur,

576 2033 665 2088 est
707 2027 844 2110 quia
887 2028 1149 2114 plerique
1194 2026 1608 2092 Enthusiastae
1650 2039 1781 2115 post
1822 2038 2071 2093 mortem
2113 2029 2376 2094 incidunt
2419 2032 2473 2093 in
2516 2053 2680 2095 νεεδ·-

575 2144 712 2187 nam
773 2125 1174 2211 phantasiam,
1227 2128 1386 2214 quod
1439 2129 1544 2215 ipsi
1604 2129 1717 2192 sint
1769 2130 2021 2216 Spiritus
2069 2130 2356 2203 Sanctus;
2408 2141 2468 2193 et
2520 2131 2677 2217 quod

574 2225 743 2289 multi
778 2227 1183 2303 ab'Ecclesia,
1239 2228 1337 2314 qui
1388 2228 1446 2289 in
1492 2230 1718 2293 Mundo
1766 2229 2176 2306 crediderunt,
2230 2230 2387 2317 quod
2430 2231 2681 2317 Spiritus

571 2323 828 2392 Sanetus
859 2349 963 2415 per
992 2326 1122 2393 illos
1148 2329 1425 2415 loquutus
1459 2328 1562 2406 sit,
1616 2339 1880 2394 terreant
1911 2331 2057 2394 alios
2094 2351 2199 2415 per
2225 2331 2406 2395 verba
2438 2330 2677 2394 Domini

576 2427 733 2511 apud
764 2427 1164 2502 matthaeum,
1219 2430 1375 2514 quod
1419 2427 1611 2493 dicere
1654 2440 1857 2493 contra
1898 2430 2024 2503 illa,
2079 2452 2229 2515 quae
2256 2431 2503 2518 Spiritus
2530 2431 2677 2493 San-

572 2537 702 2589 ctus
730 2527 1038 2616 inspiravit
1074 2528 1221 2603 illis,
1272 2529 1346 2592 sit
1384 2539 1689 2616 peccatum
1725 2528 2155 2606 irremissibile,
2210 2531 2348 2618 Cap.
2381 2530 2524 2596 XII:
2575 2533 2674 2593 31.

576 2628 696 2699 32;
754 2628 834 2690 illi
861 2629 959 2714 qui
1004 2639 1134 2713 post
1174 2628 1619 2693 instructionem
1664 2630 1948 2693 recedunt
1975 2650 2006 2692 a
2040 2627 2189 2705 fide,
2240 2629 2396 2715 quod
2429 2629 2678 2716 Spiritus

571 2725 824 2791 Sanctus
863 2729 937 2791 sit
968 2728 1130 2792 Deus
1172 2751 1276 2813 per
1314 2751 1406 2804 se,
1460 2728 1858 2794 informantur
1903 2737 2103 2815 postea
2145 2729 2504 2812 detUnitate
2548 2730 2679 2803 Dei,

458 2897 464 2902 ,
574 2827 737 2909 quod
771 2847 890 2890 non
917 2829 990 2891 sit
1020 2829 1312 2914 tripartita
1342 2830 1400 2892 in
1429 2829 1756 2905 Personas,
1808 2849 2057 2915 quarum
2089 2831 2455 2915 unaquaevis
2482 2830 2681 2913 singu·

571 2924 737 2989 latim
787 2938 873 2991 est
918 2929 1083 2992 Deus
1129 2939 1187 2992 et
1233 2930 1522 2993 Dominus
1563 2931 1884 2993 secundum
1931 2929 2281 3017 Symbolum
2326 2926 2678 2992 Athanasia-

566 3047 707 3089 num
732 3075 748 3103 ,
800 3029 901 3091 sed
937 3030 1092 3114 quod
1123 3029 1340 3092 Divina
1371 3028 1634 3093 Trinitas
1660 3029 1735 3093 sit
1766 3029 1825 3091 in
1855 3028 2113 3092 Domino
2139 3030 2483 3103 Salvatore,
2525 3029 2676 3092 sicut

564 3122 816 3201 Anima,
876 3128 1135 3215 Corpus,
1202 3139 1258 3191 et
1306 3130 1507 3193 Virtus
1551 3129 1907 3216 proceden5‚
1979 3129 2133 3214 apud
2175 3128 2443 3215 quemvis
2486 3126 2677 3190 homi-

565 3247 734 3294 nem:
791 3225 850 3289 hi
878 3228 1086 3290 deinde
1116 3238 1544 3315 praeparantur
1573 3228 1648 3293 ad
1675 3228 2071 3315 recipiendum
2102 3228 2274 3292 fidem
2302 3228 2460 3292 Novi
2494 3226 2676 3302 Caeli,

563 3325 774 3403 ethis,
830 3337 1140 3412 postquam
1173 3328 1504 3415 praeparati
1533 3338 1699 3405 sunt,
1749 3330 2017 3414 aperitur
2064 3331 2156 3393 via
2201 3328 2273 3392 ad
2314 3328 2671 3391 Societatem

562 3426 624 3488 in
652 3427 866 3503 Caelo,
922 3428 1020 3490 ubi
1048 3428 1250 3493 similis
1277 3426 1419 3491 sides
1447 3439 1569 3503 est,
1623 3438 1683 3491 et
1720 3428 1899 3492 datur
1936 3428 2047 3493 illis
2090 3429 2318 3493 mansio
2355 3449 2487 3490 cum
2530 3433 2674 3489 hon·

561 3526 866 3603 fratribus,
915 3549 1047 3590 cum
1078 3528 1294 3615 quibus
1321 3529 1378 3592 in
1408 3528 1771 3592 beatitudine
1801 3529 2003 3592 vivent
2030 3529 2088 3591 in
2117 3538 2442 3591 aeternum.
2496 3526 2673 3591 Nunc

561 3627 703 3712 quia
748 3639 943 3692 actum
986 3636 1073 3692 est
1111 3629 1182 3689 de
1212 3629 1339 3693 Deo
1368 3629 1687 3703 Creatore‚
1740 3638 1797 3691 et
1838 3629 1909 3692 de
1947 3630 2205 3694 Domino
2248 3628 2669 3711 Redemptore,

559 3748 867 3792 necessum
922 3739 1042 3812 est,
1122 3737 1186 3789 ut
1239 3723 1473 3815 qu’oque
1526 3727 1598 3792 de
1648 3728 1872 3814 Spiritu
1929 3729 2147 3793 Sancto
2203 3737 2445 3813 agatur3
2517 3747 2668 3812 quae

560 3827 953 3904 Transactio,
1006 3829 1157 3892 sicut
1184 3828 1483 3914 reliquae,
1528 3828 1907 3915 dispescenda
1936 3839 2022 3892 est
2067 3830 2125 3892 in
2174 3849 2312 3893 suos
2353 3825 2671 3902 Articulos,

559 3927 658 4013 qui
686 3937 827 3992 sunt
851 3938 1180 4015 sequentes.
1255 3929 1300 3991 I.
1361 3928 1543 4011 Quod
1565 3927 1829 4021 Spiritus
1871 3926 2129 3994 Sanctus
2166 3932 2243 3991 sit
2282 3927 2508 4012 Dt'vina
2542 3927 2614 3994 V
2612 3949 2670 3989 e-

556 4030 741 4103 ritas,
793 4042 850 4093 et
876 4052 1111 4121 quoque
1136 4029 1361 4094 Divina
1394 4029 1617 4096 Virtus
1660 4043 1717 4093 et
1760 4029 2048 4120 Operatio
2080 4026 2420 4120 procedens
2461 4053 2502 4091 α
2536 4025 2669 4091 Deo

564 4127 738 4205 Uno,
794 4133 857 4193 in
885 4152 1004 4220 quo
1032 4128 1259 4194 Divina
1294 4130 1563 4193 Trinitas
1595 4144 1719 4203 est,
1776 4133 1861 4195 ita
1903 4153 1943 4193 a
1983 4128 2250 4194 Domino
2290 4128 2423 4192 Deo
2455 4124 2669 4193 Salva·

558 4239 697 4293 tore.
783 4228 858 4292 ΙΙ.
909 4229 1096 4312 Quod
1134 4229 1356 4294 Divina
1389 4229 1607 4297 Virtus
1653 4243 1709 4294 et
1742 4231 2063 4323 QperatiO,
2118 4252 2273 4320 quae
2316 4226 2672 4314 intelligitur
