<?xml version="1.0" encoding="UTF-8"?>
<!DOCTYPE html PUBLIC "-//W3C//DTD XHTML 1.0 Transitional//EN"
    "http://www.w3.org/TR/xhtml1/DTD/xhtml1-transitional.dtd">
<html xmlns="http://www.w3.org/1999/xhtml" xml:lang="en" lang="en">
 <head>
  <title>
</title>
<meta http-equiv="Content-Type" content="text/html;charset=utf-8" />
  <meta name='ocr-system' content='tesseract 3.04.00' />
  <meta name='ocr-capabilities' content='ocr_page ocr_carea ocr_par ocr_line ocrx_word'/>
</head>
<body>
  <div class='ocr_page' id='page_1' title='image "./verachristianar00tafegoog_0148.png"; bbox 0 0 3309 4775; ppageno 0'>
   <div class='ocr_carea' id='block_1_1' title="bbox 686 367 2555 432">
    <p class='ocr_par' dir='ltr' id='par_1_1' title="bbox 686 367 2555 432">
     <span class='ocr_line' id='line_1_1' title="bbox 686 367 2555 432; baseline -0.006 -2"><span class='ocrx_word' id='word_1_1' title='bbox 686 382 790 432; x_wconf 68' lang='grc' dir='ltr'>ΜΞ</span> <span class='ocrx_word' id='word_1_2' title='bbox 928 369 1389 426; x_wconf 70' lang='lat' dir='ltr'>UNIVERSA</span> <span class='ocrx_word' id='word_1_3' title='bbox 1436 367 1972 423; x_wconf 82' lang='lat' dir='ltr'><strong>THEOLOGIA</strong></span> <span class='ocrx_word' id='word_1_4' title='bbox 2014 369 2081 420; x_wconf 76' lang='lat' dir='ltr'>N.</span> <span class='ocrx_word' id='word_1_5' title='bbox 2125 367 2188 421; x_wconf 82' lang='lat' dir='ltr'>C.</span> <span class='ocrx_word' id='word_1_6' title='bbox 2231 368 2342 420; x_wconf 83' lang='grc' dir='ltr'>ΕΤ</span> <span class='ocrx_word' id='word_1_7' title='bbox 2380 368 2447 420; x_wconf 82' lang='grc' dir='ltr'>Ν.</span> <span class='ocrx_word' id='word_1_8' title='bbox 2489 369 2555 419; x_wconf 90' lang='grc' dir='ltr'>Ε.</span> 
     </span>
    </p>
   </div>
   <div class='ocr_carea' id='block_1_2' title="bbox 652 521 2832 4321">
    <p class='ocr_par' dir='ltr' id='par_1_2' title="bbox 652 521 2832 4321">
     <span class='ocr_line' id='line_1_2' title="bbox 678 521 2778 611; baseline 0 -25"><span class='ocrx_word' id='word_1_9' title='bbox 678 525 739 588; x_wconf 92' lang='lat' dir='ltr'>in</span> <span class='ocrx_word' id='word_1_10' title='bbox 770 522 952 611; x_wconf 79' lang='lat' dir='ltr'>plicas</span> <span class='ocrx_word' id='word_1_11' title='bbox 978 543 1164 609; x_wconf 82' lang='lat' dir='ltr'>usque</span> <span class='ocrx_word' id='word_1_12' title='bbox 1193 522 1266 587; x_wconf 90' lang='lat' dir='ltr'>ad</span> <span class='ocrx_word' id='word_1_13' title='bbox 1296 521 1762 608; x_wconf 76' lang='lat' dir='ltr'>indignationem</span> <span class='ocrx_word' id='word_1_14' title='bbox 1781 570 1795 596; x_wconf 90' lang='lat'>,</span> <span class='ocrx_word' id='word_1_15' title='bbox 1850 530 1910 584; x_wconf 89' lang='lat' dir='ltr'>et</span> <span class='ocrx_word' id='word_1_16' title='bbox 1939 521 2259 585; x_wconf 82' lang='lat' dir='ltr'>voluerunt</span> <span class='ocrx_word' id='word_1_17' title='bbox 2289 541 2501 607; x_wconf 83' lang='lat' dir='ltr'>cogere</span> <span class='ocrx_word' id='word_1_18' title='bbox 2530 545 2599 586; x_wconf 89' lang='lat' dir='ltr'>os</span> <span class='ocrx_word' id='word_1_19' title='bbox 2622 544 2778 587; x_wconf 85' lang='lat' dir='ltr'>suum</span> 
     </span>
     <span class='ocr_line' id='line_1_3' title="bbox 678 623 2777 707; baseline -0 -18"><span class='ocrx_word' id='word_1_20' title='bbox 678 625 751 689; x_wconf 89' lang='lat' dir='ltr'>ad</span> <span class='ocrx_word' id='word_1_21' title='bbox 782 623 1128 687; x_wconf 88' lang='lat' dir='ltr'>edicendum</span> <span class='ocrx_word' id='word_1_22' title='bbox 1149 671 1166 699; x_wconf 91' lang='lat'>,</span> <span class='ocrx_word' id='word_1_23' title='bbox 1213 623 1317 688; x_wconf 83' lang='lat' dir='ltr'>sed</span> <span class='ocrx_word' id='word_1_24' title='bbox 1346 645 1465 687; x_wconf 86' lang='lat' dir='ltr'>non</span> <span class='ocrx_word' id='word_1_25' title='bbox 1498 623 1848 694; x_wconf 84' lang='lat' dir='ltr'>valuerunt;</span> <span class='ocrx_word' id='word_1_26' title='bbox 1902 642 2081 685; x_wconf 89' lang='lat' dir='ltr'>causa</span> <span class='ocrx_word' id='word_1_27' title='bbox 2111 631 2278 698; x_wconf 87' lang='lat' dir='ltr'>erat,</span> <span class='ocrx_word' id='word_1_28' title='bbox 2324 623 2465 707; x_wconf 88' lang='lat' dir='ltr'>quia</span> <span class='ocrx_word' id='word_1_29' title='bbox 2494 623 2665 687; x_wconf 83' lang='lat' dir='ltr'><strong>ideae</strong></span> <span class='ocrx_word' id='word_1_30' title='bbox 2692 646 2777 688; x_wconf 90' lang='lat' dir='ltr'>co·</span> 
     </span>
     <span class='ocr_line' id='line_1_4' title="bbox 682 720 2780 811; baseline 0 -23"><span class='ocrx_word' id='word_1_31' title='bbox 682 723 1011 811; x_wconf 87' lang='lat' dir='ltr'>gitationis,</span> <span class='ocrx_word' id='word_1_32' title='bbox 1066 744 1217 811; x_wconf 85' lang='lat' dir='ltr'>quae</span> <span class='ocrx_word' id='word_1_33' title='bbox 1245 723 1434 787; x_wconf 88' lang='lat' dir='ltr'>fluunt</span> <span class='ocrx_word' id='word_1_34' title='bbox 1474 746 1545 789; x_wconf 88' lang='lat' dir='ltr'>ex</span> <span class='ocrx_word' id='word_1_35' title='bbox 1586 724 1924 808; x_wconf 76' lang='lat' dir='ltr'>agnitione,</span> <span class='ocrx_word' id='word_1_36' title='bbox 1980 743 2161 785; x_wconf 89' lang='lat' dir='ltr'>unum</span> <span class='ocrx_word' id='word_1_37' title='bbox 2202 720 2431 786; x_wconf 85' lang='lat' dir='ltr'>faciunt</span> <span class='ocrx_word' id='word_1_38' title='bbox 2467 744 2603 786; x_wconf 87' lang='lat' dir='ltr'>cum</span> <span class='ocrx_word' id='word_1_39' title='bbox 2635 727 2780 788; x_wconf 80' lang='lat' dir='ltr'>voci-</span> 
     </span>
     <span class='ocr_line' id='line_1_5' title="bbox 680 822 2780 911; baseline 0 -23"><span class='ocrx_word' id='word_1_40' title='bbox 680 827 793 891; x_wconf 89' lang='lat' dir='ltr'>bus</span> <span class='ocrx_word' id='word_1_41' title='bbox 836 825 1074 909; x_wconf 77' lang='lat' dir='ltr'>linguae</span> <span class='ocrx_word' id='word_1_42' title='bbox 1119 825 1276 911; x_wconf 89' lang='lat' dir='ltr'>apud</span> <span class='ocrx_word' id='word_1_43' title='bbox 1321 825 1451 889; x_wconf 88' lang='lat' dir='ltr'>illos</span> <span class='ocrx_word' id='word_1_44' title='bbox 1497 824 1596 909; x_wconf 91' lang='lat' dir='ltr'>qui</span> <span class='ocrx_word' id='word_1_45' title='bbox 1637 824 1699 886; x_wconf 90' lang='lat' dir='ltr'>in</span> <span class='ocrx_word' id='word_1_46' title='bbox 1745 822 1973 887; x_wconf 86' lang='lat' dir='ltr'>Mundo</span> <span class='ocrx_word' id='word_1_47' title='bbox 2013 822 2320 906; x_wconf 75' lang='lat' dir='ltr'>spirituali</span> <span class='ocrx_word' id='word_1_48' title='bbox 2365 832 2538 898; x_wconf 86' lang='lat' dir='ltr'>sunt,</span> <span class='ocrx_word' id='word_1_49' title='bbox 2593 836 2653 887; x_wconf 90' lang='lat' dir='ltr'>et</span> <span class='ocrx_word' id='word_1_50' title='bbox 2692 827 2780 889; x_wconf 90' lang='lat' dir='ltr'>ubi</span> 
     </span>
     <span class='ocr_line' id='line_1_6' title="bbox 679 922 2782 999; baseline 0.001 -10"><span class='ocrx_word' id='word_1_51' title='bbox 679 924 847 991; x_wconf 87' lang='lat' dir='ltr'>ideae</span> <span class='ocrx_word' id='word_1_52' title='bbox 873 925 1010 989; x_wconf 85' lang='lat' dir='ltr'>illae</span> <span class='ocrx_word' id='word_1_53' title='bbox 1036 947 1155 989; x_wconf 91' lang='lat' dir='ltr'>non</span> <span class='ocrx_word' id='word_1_54' title='bbox 1184 934 1352 999; x_wconf 74' lang='lat' dir='ltr'>sunt,</span> <span class='ocrx_word' id='word_1_55' title='bbox 1405 946 1521 987; x_wconf 91' lang='lat' dir='ltr'>non</span> <span class='ocrx_word' id='word_1_56' title='bbox 1553 924 1773 988; x_wconf 83' lang='lat' dir='ltr'>dantur</span> <span class='ocrx_word' id='word_1_57' title='bbox 1802 944 2009 998; x_wconf 80' lang='lat' dir='ltr'>voces,</span> <span class='ocrx_word' id='word_1_58' title='bbox 2063 943 2199 987; x_wconf 89' lang='lat' dir='ltr'>nam</span> <span class='ocrx_word' id='word_1_59' title='bbox 2232 925 2401 987; x_wconf 88' lang='lat' dir='ltr'>ideae</span> <span class='ocrx_word' id='word_1_60' title='bbox 2437 922 2588 986; x_wconf 87' lang='lat' dir='ltr'>fiunt</span> <span class='ocrx_word' id='word_1_61' title='bbox 2619 946 2782 992; x_wconf 83' lang='lat' dir='ltr'>voces</span> 
     </span>
     <span class='ocr_line' id='line_1_7' title="bbox 679 1023 2780 1112; baseline 0 -23"><span class='ocrx_word' id='word_1_62' title='bbox 679 1029 741 1089; x_wconf 88' lang='lat' dir='ltr'>in</span> <span class='ocrx_word' id='word_1_63' title='bbox 773 1024 1026 1112; x_wconf 83' lang='lat' dir='ltr'>loquela.</span> <span class='ocrx_word' id='word_1_64' title='bbox 1106 1025 1206 1090; x_wconf 86' lang='lat' dir='ltr'>lv.</span> <span class='ocrx_word' id='word_1_65' title='bbox 1261 1026 1487 1098; x_wconf 86' lang='lat' dir='ltr'>Porro,</span> <span class='ocrx_word' id='word_1_66' title='bbox 1539 1024 1691 1088; x_wconf 86' lang='lat' dir='ltr'>lecta</span> <span class='ocrx_word' id='word_1_67' title='bbox 1730 1033 1866 1089; x_wconf 90' lang='lat' dir='ltr'>sunt</span> <span class='ocrx_word' id='word_1_68' title='bbox 1906 1044 2110 1088; x_wconf 88' lang='lat' dir='ltr'>coram</span> <span class='ocrx_word' id='word_1_69' title='bbox 2151 1023 2263 1086; x_wconf 85' lang='lat' dir='ltr'>illis</span> <span class='ocrx_word' id='word_1_70' title='bbox 2305 1044 2376 1088; x_wconf 89' lang='lat' dir='ltr'>ex</span> <span class='ocrx_word' id='word_1_71' title='bbox 2405 1024 2694 1089; x_wconf 78' lang='lat' dir='ltr'>Doctrina</span> <span class='ocrx_word' id='word_1_72' title='bbox 2730 1027 2780 1090; x_wconf 89' lang='lat' dir='ltr'>in</span> 
     </span>
     <span class='ocr_line' id='line_1_8' title="bbox 680 1122 2784 1213; baseline 0 -22"><span class='ocrx_word' id='word_1_73' title='bbox 680 1126 979 1191; x_wconf 80' lang='lat' dir='ltr'>Universo</span> <span class='ocrx_word' id='word_1_74' title='bbox 1020 1125 1355 1191; x_wconf 84' lang='lat' dir='ltr'>Christiano</span> <span class='ocrx_word' id='word_1_75' title='bbox 1398 1124 1569 1190; x_wconf 84' lang='lat' dir='ltr'><strong>Orbe</strong></span> <span class='ocrx_word' id='word_1_76' title='bbox 1616 1133 1885 1213; x_wconf 86' lang='lat' dir='ltr'>recepta,</span> <span class='ocrx_word' id='word_1_77' title='bbox 1940 1122 2120 1198; x_wconf 88' lang='lat' dir='ltr'>baec,</span> <span class='ocrx_word' id='word_1_78' title='bbox 2189 1123 2377 1207; x_wconf 83' lang='lat' dir='ltr'>Quod</span> <span class='ocrx_word' id='word_1_79' title='bbox 2410 1124 2700 1190; x_wconf 76' lang='lat' dir='ltr'>Divinum</span> <span class='ocrx_word' id='word_1_80' title='bbox 2736 1143 2784 1193; x_wconf 80' lang='lat' dir='ltr'>et</span> 
     </span>
     <span class='ocr_line' id='line_1_9' title="bbox 680 1223 2785 1301; baseline 0.001 -10"><span class='ocrx_word' id='word_1_81' title='bbox 680 1227 1028 1292; x_wconf 80' lang='lat' dir='ltr'>Humanum</span> <span class='ocrx_word' id='word_1_82' title='bbox 1058 1230 1121 1290; x_wconf 86' lang='lat' dir='ltr'>in</span> <span class='ocrx_word' id='word_1_83' title='bbox 1150 1227 1413 1294; x_wconf 83' lang='lat' dir='ltr'>Domino</span> <span class='ocrx_word' id='word_1_84' title='bbox 1442 1249 1564 1289; x_wconf 76' lang='lat' dir='ltr'>non</span> <span class='ocrx_word' id='word_1_85' title='bbox 1593 1229 1718 1290; x_wconf 81' lang='lat' dir='ltr'>sint</span> <span class='ocrx_word' id='word_1_86' title='bbox 1744 1224 1901 1301; x_wconf 79' lang='lat' dir='ltr'>due,</span> <span class='ocrx_word' id='word_1_87' title='bbox 1940 1223 2056 1289; x_wconf 83' lang='lat' dir='ltr'>sed</span> <span class='ocrx_word' id='word_1_88' title='bbox 2080 1238 2300 1300; x_wconf 75' lang='lat' dir='ltr'>unani,</span> <span class='ocrx_word' id='word_1_89' title='bbox 2342 1228 2460 1290; x_wconf 88' lang='lat' dir='ltr'>imo</span> <span class='ocrx_word' id='word_1_90' title='bbox 2491 1252 2623 1291; x_wconf 85' lang='lat' dir='ltr'>una</span> <span class='ocrx_word' id='word_1_91' title='bbox 2645 1227 2785 1293; x_wconf 85' lang='lat' dir='ltr'>Per·</span> 
     </span>
     <span class='ocr_line' id='line_1_10' title="bbox 678 1317 2779 1419; baseline 0.001 -28"><span class='ocrx_word' id='word_1_92' title='bbox 678 1350 864 1403; x_wconf 79' lang='lat' dir='ltr'>sona,</span> <span class='ocrx_word' id='word_1_93' title='bbox 919 1330 1090 1391; x_wconf 80' lang='lat' dir='ltr'>unita</span> <span class='ocrx_word' id='word_1_94' title='bbox 1115 1331 1269 1391; x_wconf 81' lang='lat' dir='ltr'>sicut</span> <span class='ocrx_word' id='word_1_95' title='bbox 1297 1329 1503 1391; x_wconf 82' lang='lat' dir='ltr'>anima</span> <span class='ocrx_word' id='word_1_96' title='bbox 1545 1338 1604 1390; x_wconf 80' lang='lat' dir='ltr'>et</span> <span class='ocrx_word' id='word_1_97' title='bbox 1646 1349 1869 1419; x_wconf 82' lang='lat' dir='ltr'>corpus</span> <span class='ocrx_word' id='word_1_98' title='bbox 1907 1329 1970 1390; x_wconf 86' lang='lat' dir='ltr'>in</span> <span class='ocrx_word' id='word_1_99' title='bbox 2010 1323 2280 1402; x_wconf 79' lang='lat' dir='ltr'>homine,</span> <span class='ocrx_word' id='word_1_100' title='bbox 2333 1317 2482 1390; x_wconf 80' lang='lat' dir='ltr'>baec</span> <span class='ocrx_word' id='word_1_101' title='bbox 2523 1348 2595 1391; x_wconf 88' lang='lat' dir='ltr'>ex</span> <span class='ocrx_word' id='word_1_102' title='bbox 2647 1328 2779 1393; x_wconf 83' lang='lat' dir='ltr'>Fide</span> 
     </span>
     <span class='ocr_line' id='line_1_11' title="bbox 678 1423 2785 1516; baseline 0.001 -24"><span class='ocrx_word' id='word_1_103' title='bbox 678 1427 1007 1516; x_wconf 81' lang='lat' dir='ltr'>symbolica</span> <span class='ocrx_word' id='word_1_104' title='bbox 1052 1423 1492 1503; x_wconf 84' lang='lat' dir='ltr'>Athanasiaua,</span> <span class='ocrx_word' id='word_1_105' title='bbox 1543 1437 1602 1490; x_wconf 86' lang='lat' dir='ltr'>et</span> <span class='ocrx_word' id='word_1_106' title='bbox 1642 1430 1844 1514; x_wconf 81' lang='lat' dir='ltr'>agnita</span> <span class='ocrx_word' id='word_1_107' title='bbox 1891 1449 1922 1491; x_wconf 91' lang='lat' dir='ltr'>a</span> <span class='ocrx_word' id='word_1_108' title='bbox 1971 1426 2275 1498; x_wconf 88' lang='lat' dir='ltr'>Conciliis;</span> <span class='ocrx_word' id='word_1_109' title='bbox 2331 1436 2391 1489; x_wconf 89' lang='lat' dir='ltr'>et</span> <span class='ocrx_word' id='word_1_110' title='bbox 2435 1428 2663 1491; x_wconf 90' lang='lat' dir='ltr'>dictum</span> <span class='ocrx_word' id='word_1_111' title='bbox 2708 1442 2785 1494; x_wconf 91' lang='lat' dir='ltr'>est</span> 
     </span>
     <span class='ocr_line' id='line_1_12' title="bbox 677 1527 2781 1617; baseline 0.002 -27"><span class='ocrx_word' id='word_1_112' title='bbox 677 1527 822 1603; x_wconf 85' lang='lat' dir='ltr'>illis,</span> <span class='ocrx_word' id='word_1_113' title='bbox 874 1527 1081 1593; x_wconf 84' lang='lat' dir='ltr'>exinde</span> <span class='ocrx_word' id='word_1_114' title='bbox 1113 1527 1353 1615; x_wconf 90' lang='lat' dir='ltr'>potestis</span> <span class='ocrx_word' id='word_1_115' title='bbox 1378 1527 1619 1592; x_wconf 89' lang='lat' dir='ltr'>omnino</span> <span class='ocrx_word' id='word_1_116' title='bbox 1646 1528 1869 1592; x_wconf 87' lang='lat' dir='ltr'>babere</span> <span class='ocrx_word' id='word_1_117' title='bbox 1897 1527 2088 1590; x_wconf 89' lang='lat' dir='ltr'>ideam</span> <span class='ocrx_word' id='word_1_118' title='bbox 2129 1547 2202 1590; x_wconf 90' lang='lat' dir='ltr'>ex</span> <span class='ocrx_word' id='word_1_119' title='bbox 2242 1529 2578 1614; x_wconf 77' lang='lat' dir='ltr'>agnitione,</span> <span class='ocrx_word' id='word_1_120' title='bbox 2633 1533 2781 1617; x_wconf 86' lang='lat' dir='ltr'>quod</span> 
     </span>
     <span class='ocr_line' id='line_1_13' title="bbox 680 1625 2783 1715; baseline 0.001 -22"><span class='ocrx_word' id='word_1_121' title='bbox 680 1629 1026 1693; x_wconf 88' lang='lat' dir='ltr'>Humanum</span> <span class='ocrx_word' id='word_1_122' title='bbox 1058 1629 1297 1693; x_wconf 84' lang='lat' dir='ltr'>Domini</span> <span class='ocrx_word' id='word_1_123' title='bbox 1325 1628 1397 1692; x_wconf 87' lang='lat' dir='ltr'>sit</span> <span class='ocrx_word' id='word_1_124' title='bbox 1427 1629 1708 1693; x_wconf 85' lang='lat' dir='ltr'>Divinum</span> <span class='ocrx_word' id='word_1_125' title='bbox 1731 1679 1745 1701; x_wconf 88' lang='lat'><strong>‚</strong></span> <span class='ocrx_word' id='word_1_126' title='bbox 1794 1629 1931 1715; x_wconf 88' lang='lat' dir='ltr'>quia</span> <span class='ocrx_word' id='word_1_127' title='bbox 1963 1625 2177 1691; x_wconf 85' lang='lat' dir='ltr'>Anima</span> <span class='ocrx_word' id='word_1_128' title='bbox 2217 1627 2405 1714; x_wconf 86' lang='lat' dir='ltr'>Ipsius</span> <span class='ocrx_word' id='word_1_129' title='bbox 2431 1638 2522 1692; x_wconf 86' lang='lat' dir='ltr'>est</span> <span class='ocrx_word' id='word_1_130' title='bbox 2551 1631 2783 1708; x_wconf 83' lang='lat' dir='ltr'>Divina,</span> 
     </span>
     <span class='ocr_line' id='line_1_14' title="bbox 677 1729 2783 1816; baseline 0.001 -23"><span class='ocrx_word' id='word_1_131' title='bbox 677 1738 766 1794; x_wconf 89' lang='lat' dir='ltr'>est</span> <span class='ocrx_word' id='word_1_132' title='bbox 794 1729 947 1792; x_wconf 88' lang='lat' dir='ltr'>enim</span> <span class='ocrx_word' id='word_1_133' title='bbox 977 1731 1053 1795; x_wconf 93' lang='lat' dir='ltr'>ab</span> <span class='ocrx_word' id='word_1_134' title='bbox 1084 1730 1381 1794; x_wconf 83' lang='lat' dir='ltr'>Ecclesiae</span> <span class='ocrx_word' id='word_1_135' title='bbox 1410 1738 1642 1797; x_wconf 86' lang='lat' dir='ltr'>vestrae</span> <span class='ocrx_word' id='word_1_136' title='bbox 1678 1729 1980 1804; x_wconf 83' lang='lat' dir='ltr'>doctrina,</span> <span class='ocrx_word' id='word_1_137' title='bbox 2033 1749 2212 1815; x_wconf 87' lang='lat' dir='ltr'>quam</span> <span class='ocrx_word' id='word_1_138' title='bbox 2252 1729 2313 1791; x_wconf 89' lang='lat' dir='ltr'>in</span> <span class='ocrx_word' id='word_1_139' title='bbox 2339 1730 2571 1793; x_wconf 83' lang='lat' dir='ltr'>Mundo</span> <span class='ocrx_word' id='word_1_140' title='bbox 2607 1751 2783 1816; x_wconf 89' lang='lat' dir='ltr'>agno-</span> 
     </span>
     <span class='ocr_line' id='line_1_15' title="bbox 678 1827 2787 1919; baseline 0.001 -26"><span class='ocrx_word' id='word_1_141' title='bbox 678 1830 925 1902; x_wconf 79' lang='lat' dir='ltr'>veratis;</span> <span class='ocrx_word' id='word_1_142' title='bbox 980 1831 1220 1919; x_wconf 82' lang='lat' dir='ltr'>insuper</span> <span class='ocrx_word' id='word_1_143' title='bbox 1246 1827 1460 1894; x_wconf 83' lang='lat' dir='ltr'>Anima</span> <span class='ocrx_word' id='word_1_144' title='bbox 1489 1838 1575 1897; x_wconf 80' lang='lat' dir='ltr'>est</span> <span class='ocrx_word' id='word_1_145' title='bbox 1605 1830 1729 1916; x_wconf 87' lang='lat' dir='ltr'>ipsa</span> <span class='ocrx_word' id='word_1_146' title='bbox 1757 1828 2011 1894; x_wconf 87' lang='lat' dir='ltr'>bominis</span> <span class='ocrx_word' id='word_1_147' title='bbox 2041 1832 2289 1894; x_wconf 80' lang='lat' dir='ltr'>essentia</span> <span class='ocrx_word' id='word_1_148' title='bbox 2311 1877 2327 1905; x_wconf 89' lang='lat'>‚</span> <span class='ocrx_word' id='word_1_149' title='bbox 2370 1840 2429 1892; x_wconf 90' lang='lat' dir='ltr'>et</span> <span class='ocrx_word' id='word_1_150' title='bbox 2457 1852 2681 1918; x_wconf 86' lang='lat' dir='ltr'>corpus</span> <span class='ocrx_word' id='word_1_151' title='bbox 2706 1844 2787 1898; x_wconf 85' lang='lat' dir='ltr'>est</span> 
     </span>
     <span class='ocr_line' id='line_1_16' title="bbox 676 1929 2789 2015; baseline 0.001 -22"><span class='ocrx_word' id='word_1_152' title='bbox 676 1929 852 2015; x_wconf 80' lang='lat' dir='ltr'>hujus</span> <span class='ocrx_word' id='word_1_153' title='bbox 878 1931 1101 2006; x_wconf 85' lang='lat' dir='ltr'>forma,</span> <span class='ocrx_word' id='word_1_154' title='bbox 1156 1953 1226 1994; x_wconf 89' lang='lat' dir='ltr'>ac</span> <span class='ocrx_word' id='word_1_155' title='bbox 1252 1929 1503 1994; x_wconf 74' lang='lat' dir='ltr'>essentia</span> <span class='ocrx_word' id='word_1_156' title='bbox 1537 1940 1594 1992; x_wconf 89' lang='lat' dir='ltr'>et</span> <span class='ocrx_word' id='word_1_157' title='bbox 1621 1929 1814 1994; x_wconf 83' lang='lat' dir='ltr'>forma</span> <span class='ocrx_word' id='word_1_158' title='bbox 1846 1953 2026 1994; x_wconf 89' lang='lat' dir='ltr'>unum</span> <span class='ocrx_word' id='word_1_159' title='bbox 2065 1929 2320 2004; x_wconf 85' lang='lat' dir='ltr'>faciunt,</span> <span class='ocrx_word' id='word_1_160' title='bbox 2372 1931 2524 1994; x_wconf 89' lang='lat' dir='ltr'>sicut</span> <span class='ocrx_word' id='word_1_161' title='bbox 2566 1954 2696 1996; x_wconf 90' lang='lat' dir='ltr'>esse</span> <span class='ocrx_word' id='word_1_162' title='bbox 2736 1942 2789 1996; x_wconf 91' lang='lat' dir='ltr'>et</span> 
     </span>
     <span class='ocr_line' id='line_1_17' title="bbox 678 2028 2789 2117; baseline 0.001 -24"><span class='ocrx_word' id='word_1_163' title='bbox 678 2032 958 2106; x_wconf 78' lang='lat' dir='ltr'>existere,</span> <span class='ocrx_word' id='word_1_164' title='bbox 1011 2040 1069 2093; x_wconf 88' lang='lat' dir='ltr'>et</span> <span class='ocrx_word' id='word_1_165' title='bbox 1095 2032 1244 2095; x_wconf 87' lang='lat' dir='ltr'>sicut</span> <span class='ocrx_word' id='word_1_166' title='bbox 1274 2052 1450 2095; x_wconf 89' lang='lat' dir='ltr'>causa</span> <span class='ocrx_word' id='word_1_167' title='bbox 1485 2030 1738 2095; x_wconf 87' lang='lat' dir='ltr'>efficiens</span> <span class='ocrx_word' id='word_1_168' title='bbox 1780 2028 2022 2095; x_wconf 84' lang='lat' dir='ltr'>effectus</span> <span class='ocrx_word' id='word_1_169' title='bbox 2062 2041 2120 2094; x_wconf 91' lang='lat' dir='ltr'>et</span> <span class='ocrx_word' id='word_1_170' title='bbox 2160 2031 2282 2117; x_wconf 77' lang='lat' dir='ltr'>ipse</span> <span class='ocrx_word' id='word_1_171' title='bbox 2325 2030 2599 2106; x_wconf 86' lang='lat' dir='ltr'>effectus;</span> <span class='ocrx_word' id='word_1_172' title='bbox 2657 2035 2789 2097; x_wconf 78' lang='lat' dir='ltr'>teti·</span> 
     </span>
     <span class='ocr_line' id='line_1_18' title="bbox 679 2130 2789 2204; baseline 0.003 -12"><span class='ocrx_word' id='word_1_173' title='bbox 679 2141 935 2193; x_wconf 87' lang='lat' dir='ltr'>nuerunt</span> <span class='ocrx_word' id='word_1_174' title='bbox 963 2132 1120 2195; x_wconf 91' lang='lat' dir='ltr'>illam</span> <span class='ocrx_word' id='word_1_175' title='bbox 1151 2133 1376 2204; x_wconf 89' lang='lat' dir='ltr'>ideam,</span> <span class='ocrx_word' id='word_1_176' title='bbox 1431 2142 1490 2194; x_wconf 88' lang='lat' dir='ltr'>et</span> <span class='ocrx_word' id='word_1_177' title='bbox 1531 2130 1846 2196; x_wconf 87' lang='lat' dir='ltr'>voluerunt</span> <span class='ocrx_word' id='word_1_178' title='bbox 1891 2153 1963 2195; x_wconf 86' lang='lat' dir='ltr'>ex</span> <span class='ocrx_word' id='word_1_179' title='bbox 2011 2132 2108 2197; x_wconf 84' lang='lat' dir='ltr'>illa</span> <span class='ocrx_word' id='word_1_180' title='bbox 2147 2131 2456 2195; x_wconf 86' lang='lat' dir='ltr'>enuntiare</span> <span class='ocrx_word' id='word_1_181' title='bbox 2488 2133 2789 2197; x_wconf 75' lang='lat' dir='ltr'>Dlvmmu</span> 
     </span>
     <span class='ocr_line' id='line_1_19' title="bbox 680 2230 2785 2317; baseline 0.002 -24"><span class='ocrx_word' id='word_1_182' title='bbox 680 2230 1064 2305; x_wconf 62' lang='lat' dir='ltr'>Humanum,</span> <span class='ocrx_word' id='word_1_183' title='bbox 1115 2233 1214 2296; x_wconf 88' lang='lat' dir='ltr'>sed</span> <span class='ocrx_word' id='word_1_184' title='bbox 1245 2253 1360 2294; x_wconf 88' lang='lat' dir='ltr'>non</span> <span class='ocrx_word' id='word_1_185' title='bbox 1392 2242 1739 2317; x_wconf 87' lang='lat' dir='ltr'>potuerunt,</span> <span class='ocrx_word' id='word_1_186' title='bbox 1781 2233 2031 2297; x_wconf 87' lang='lat' dir='ltr'>interior</span> <span class='ocrx_word' id='word_1_187' title='bbox 2056 2231 2213 2296; x_wconf 89' lang='lat' dir='ltr'>enim</span> <span class='ocrx_word' id='word_1_188' title='bbox 2241 2232 2370 2295; x_wconf 89' lang='lat' dir='ltr'>idea</span> <span class='ocrx_word' id='word_1_189' title='bbox 2401 2233 2471 2295; x_wconf 82' lang='lat' dir='ltr'>de</span> <span class='ocrx_word' id='word_1_190' title='bbox 2505 2233 2785 2297; x_wconf 86' lang='lat' dir='ltr'>Humano</span> 
     </span>
     <span class='ocr_line' id='line_1_20' title="bbox 681 2331 2788 2419; baseline 0.001 -24"><span class='ocrx_word' id='word_1_191' title='bbox 681 2331 920 2395; x_wconf 88' lang='lat' dir='ltr'>Domini</span> <span class='ocrx_word' id='word_1_192' title='bbox 969 2333 1381 2397; x_wconf 70' lang='lat' dir='ltr'>exterminavit</span> <span class='ocrx_word' id='word_1_193' title='bbox 1430 2342 1486 2396; x_wconf 85' lang='lat' dir='ltr'>et</span> <span class='ocrx_word' id='word_1_194' title='bbox 1533 2334 1810 2419; x_wconf 81' lang='lat' dir='ltr'>expunxit</span> <span class='ocrx_word' id='word_1_195' title='bbox 1857 2333 2047 2398; x_wconf 88' lang='lat' dir='ltr'>ideam</span> <span class='ocrx_word' id='word_1_196' title='bbox 2097 2333 2251 2397; x_wconf 89' lang='lat' dir='ltr'>hanc</span> <span class='ocrx_word' id='word_1_197' title='bbox 2297 2353 2513 2397; x_wconf 89' lang='lat' dir='ltr'>novam</span> <span class='ocrx_word' id='word_1_198' title='bbox 2557 2334 2788 2399; x_wconf 86' lang='lat' dir='ltr'>adsciti-</span> 
     </span>
     <span class='ocr_line' id='line_1_21' title="bbox 680 2430 2789 2506; baseline 0.003 -12"><span class='ocrx_word' id='word_1_199' title='bbox 680 2432 854 2506; x_wconf 88' lang='lat' dir='ltr'>tiam,</span> <span class='ocrx_word' id='word_1_200' title='bbox 912 2442 971 2496; x_wconf 90' lang='lat' dir='ltr'>ut</span> <span class='ocrx_word' id='word_1_201' title='bbox 1012 2432 1169 2497; x_wconf 90' lang='lat' dir='ltr'>illam</span> <span class='ocrx_word' id='word_1_202' title='bbox 1202 2435 1515 2497; x_wconf 83' lang='lat' dir='ltr'>vocabant.</span> <span class='ocrx_word' id='word_1_203' title='bbox 1598 2434 1668 2498; x_wconf 87' lang='lat' dir='ltr'>V.</span> <span class='ocrx_word' id='word_1_204' title='bbox 1711 2430 1931 2499; x_wconf 79' lang='lat' dir='ltr'>&#39;Adhuc</span> <span class='ocrx_word' id='word_1_205' title='bbox 1974 2456 2175 2498; x_wconf 88' lang='lat' dir='ltr'>coram</span> <span class='ocrx_word' id='word_1_206' title='bbox 2207 2434 2320 2498; x_wconf 90' lang='lat' dir='ltr'>illis</span> <span class='ocrx_word' id='word_1_207' title='bbox 2356 2434 2573 2498; x_wconf 84' lang='lat' dir='ltr'>lectum</span> <span class='ocrx_word' id='word_1_208' title='bbox 2604 2445 2692 2498; x_wconf 89' lang='lat' dir='ltr'>est</span> <span class='ocrx_word' id='word_1_209' title='bbox 2716 2458 2789 2500; x_wconf 83' lang='lat' dir='ltr'>ex</span> 
     </span>
     <span class='ocr_line' id='line_1_22' title="bbox 678 2530 2787 2627; baseline 0.003 -32"><span class='ocrx_word' id='word_1_210' title='bbox 678 2530 990 2609; x_wconf 88' lang='lat' dir='ltr'>Johanne‚</span> <span class='ocrx_word' id='word_1_211' title='bbox 1047 2532 1192 2610; x_wconf 80' lang='lat' dir='ltr'>boe,</span> <span class='ocrx_word' id='word_1_212' title='bbox 1253 2532 1522 2599; x_wconf 76' lang='lat' dir='ltr'>Verbum</span> <span class='ocrx_word' id='word_1_213' title='bbox 1549 2547 1680 2598; x_wconf 79' lang='lat' dir='ltr'>erat</span> <span class='ocrx_word' id='word_1_214' title='bbox 1707 2535 1879 2627; x_wconf 84' lang='lat' dir='ltr'>apud</span> <span class='ocrx_word' id='word_1_215' title='bbox 1906 2535 2131 2609; x_wconf 80' lang='lat' dir='ltr'>Deum,</span> <span class='ocrx_word' id='word_1_216' title='bbox 2182 2548 2239 2599; x_wconf 80' lang='lat' dir='ltr'>et</span> <span class='ocrx_word' id='word_1_217' title='bbox 2267 2535 2437 2600; x_wconf 84' lang='lat' dir='ltr'>Deus</span> <span class='ocrx_word' id='word_1_218' title='bbox 2462 2549 2596 2600; x_wconf 82' lang='lat' dir='ltr'>erat</span> <span class='ocrx_word' id='word_1_219' title='bbox 2631 2537 2702 2604; x_wconf 89' lang='lat' dir='ltr'><em>V</em></span> <span class='ocrx_word' id='word_1_220' title='bbox 2696 2561 2787 2602; x_wconf 79' lang='lat' dir='ltr'>er-</span> 
     </span>
     <span class='ocr_line' id='line_1_23' title="bbox 680 2630 2784 2724; baseline 0.001 -26"><span class='ocrx_word' id='word_1_221' title='bbox 680 2633 850 2709; x_wconf 83' lang='lat' dir='ltr'>bum,</span> <span class='ocrx_word' id='word_1_222' title='bbox 904 2649 960 2699; x_wconf 82' lang='lat' dir='ltr'>et</span> <span class='ocrx_word' id='word_1_223' title='bbox 993 2636 1265 2703; x_wconf 79' lang='lat' dir='ltr'>Verbum</span> <span class='ocrx_word' id='word_1_224' title='bbox 1299 2630 1716 2720; x_wconf 78' lang='lat' dir='ltr'>Carofactum</span> <span class='ocrx_word' id='word_1_225' title='bbox 1742 2649 1866 2710; x_wconf 83' lang='lat' dir='ltr'>est,</span> <span class='ocrx_word' id='word_1_226' title='bbox 1922 2635 1981 2699; x_wconf 87' lang='lat'>1:</span> <span class='ocrx_word' id='word_1_227' title='bbox 2036 2640 2091 2698; x_wconf 86' lang='lat'>1.</span> <span class='ocrx_word' id='word_1_228' title='bbox 2125 2638 2228 2710; x_wconf 84' lang='lat'>14,</span> <span class='ocrx_word' id='word_1_229' title='bbox 2282 2646 2338 2697; x_wconf 87' lang='lat' dir='ltr'>et</span> <span class='ocrx_word' id='word_1_230' title='bbox 2381 2658 2620 2724; x_wconf 87' lang='lat' dir='ltr'>quoque</span> <span class='ocrx_word' id='word_1_231' title='bbox 2657 2636 2784 2714; x_wconf 88' lang='lat' dir='ltr'>boc,</span> 
     </span>
     <span class='ocr_line' id='line_1_24' title="bbox 679 2734 2783 2822; baseline 0 -23"><span class='ocrx_word' id='word_1_232' title='bbox 679 2734 868 2799; x_wconf 82' lang='lat' dir='ltr'>Jesus</span> <span class='ocrx_word' id='word_1_233' title='bbox 902 2734 1183 2801; x_wconf 82' lang='lat' dir='ltr'>Christus</span> <span class='ocrx_word' id='word_1_234' title='bbox 1223 2751 1313 2802; x_wconf 81' lang='lat' dir='ltr'>est</span> <span class='ocrx_word' id='word_1_235' title='bbox 1336 2759 1524 2801; x_wconf 78' lang='lat' dir='ltr'>verus</span> <span class='ocrx_word' id='word_1_236' title='bbox 1550 2734 1758 2813; x_wconf 79' lang='lat' dir='ltr'>Deus,</span> <span class='ocrx_word' id='word_1_237' title='bbox 1807 2750 1863 2801; x_wconf 82' lang='lat' dir='ltr'>et</span> <span class='ocrx_word' id='word_1_238' title='bbox 1897 2736 2054 2803; x_wconf 78' lang='lat' dir='ltr'>Vita</span> <span class='ocrx_word' id='word_1_239' title='bbox 2091 2748 2367 2809; x_wconf 82' lang='lat' dir='ltr'>aeterna,</span> <span class='ocrx_word' id='word_1_240' title='bbox 2419 2736 2446 2799; x_wconf 92' lang='lat' dir='ltr'>l</span> <span class='ocrx_word' id='word_1_241' title='bbox 2490 2737 2670 2822; x_wconf 88' lang='lat' dir='ltr'>Epist.</span> <span class='ocrx_word' id='word_1_242' title='bbox 2699 2739 2783 2803; x_wconf 87' lang='lat' dir='ltr'>V:</span> 
     </span>
     <span class='ocr_line' id='line_1_25' title="bbox 681 2834 2786 2928; baseline 0.003 -30"><span class='ocrx_word' id='word_1_243' title='bbox 681 2839 782 2902; x_wconf 72' lang='lat'>20.</span> <span class='ocrx_word' id='word_1_244' title='bbox 840 2846 898 2900; x_wconf 91' lang='lat' dir='ltr'>et</span> <span class='ocrx_word' id='word_1_245' title='bbox 942 2859 1014 2900; x_wconf 83' lang='lat' dir='ltr'>ex</span> <span class='ocrx_word' id='word_1_246' title='bbox 1062 2838 1252 2902; x_wconf 89' lang='lat' dir='ltr'>Paulo</span> <span class='ocrx_word' id='word_1_247' title='bbox 1310 2837 1428 2912; x_wconf 85' lang='lat' dir='ltr'>„In</span> <span class='ocrx_word' id='word_1_248' title='bbox 1478 2835 1717 2901; x_wconf 71' lang='lat' dir='ltr'>Christo</span> <span class='ocrx_word' id='word_1_249' title='bbox 1758 2836 1911 2902; x_wconf 81' lang='lat' dir='ltr'>Jesu</span> <span class='ocrx_word' id='word_1_250' title='bbox 1958 2834 2191 2902; x_wconf 79' lang='lat' dir='ltr'>habitat</span> <span class='ocrx_word' id='word_1_251' title='bbox 2234 2840 2429 2900; x_wconf 82' lang='lat' dir='ltr'>omnis</span> <span class='ocrx_word' id='word_1_252' title='bbox 2465 2835 2786 2928; x_wconf 78' lang='lat' dir='ltr'>plenitudo</span> 
     </span>
     <span class='ocr_line' id='line_1_26' title="bbox 678 2935 2789 3031; baseline 0.001 -32"><span class='ocrx_word' id='word_1_253' title='bbox 678 2935 1031 3003; x_wconf 80' lang='lat' dir='ltr'>Divinitatis</span> <span class='ocrx_word' id='word_1_254' title='bbox 1057 2936 1512 3031; x_wconf 80' lang='lat' dir='ltr'>corporaliter,“</span> <span class='ocrx_word' id='word_1_255' title='bbox 1569 2936 1792 3002; x_wconf 88' lang='lat' dir='ltr'>Coloss.</span> <span class='ocrx_word' id='word_1_256' title='bbox 1844 2936 1933 3000; x_wconf 87' lang='lat' dir='ltr'>ll:</span> <span class='ocrx_word' id='word_1_257' title='bbox 1985 2942 2060 3009; x_wconf 66' lang='lat'>95</span> <span class='ocrx_word' id='word_1_258' title='bbox 2116 2946 2174 3000; x_wconf 88' lang='lat' dir='ltr'>et</span> <span class='ocrx_word' id='word_1_259' title='bbox 2219 2937 2531 3002; x_wconf 89' lang='lat' dir='ltr'>dicebatur</span> <span class='ocrx_word' id='word_1_260' title='bbox 2574 2938 2684 3003; x_wconf 88' lang='lat' dir='ltr'>illis</span> <span class='ocrx_word' id='word_1_261' title='bbox 2724 2948 2789 3002; x_wconf 85' lang='lat' dir='ltr'>ut</span> 
     </span>
     <span class='ocr_line' id='line_1_27' title="bbox 679 3035 2790 3125; baseline 0.002 -27"><span class='ocrx_word' id='word_1_262' title='bbox 679 3035 946 3100; x_wconf 83' lang='lat' dir='ltr'>similiter</span> <span class='ocrx_word' id='word_1_263' title='bbox 977 3041 1337 3123; x_wconf 78' lang='lat' dir='ltr'>cogitarent,</span> <span class='ocrx_word' id='word_1_264' title='bbox 1393 3059 1604 3125; x_wconf 87' lang='lat' dir='ltr'>nempe</span> <span class='ocrx_word' id='word_1_265' title='bbox 1630 3040 1789 3123; x_wconf 89' lang='lat' dir='ltr'>quod</span> <span class='ocrx_word' id='word_1_266' title='bbox 1820 3039 1983 3101; x_wconf 89' lang='lat' dir='ltr'>Deus</span> <span class='ocrx_word' id='word_1_267' title='bbox 2013 3039 2110 3123; x_wconf 88' lang='lat' dir='ltr'>qui</span> <span class='ocrx_word' id='word_1_268' title='bbox 2152 3037 2262 3101; x_wconf 83' lang='lat' dir='ltr'>fuit</span> <span class='ocrx_word' id='word_1_269' title='bbox 2292 3037 2558 3102; x_wconf 81' lang='lat' dir='ltr'>Verbum</span> <span class='ocrx_word' id='word_1_270' title='bbox 2602 3038 2790 3103; x_wconf 81' lang='lat' dir='ltr'>factus</span> 
     </span>
     <span class='ocr_line' id='line_1_28' title="bbox 681 3134 2786 3226; baseline 0.003 -30"><span class='ocrx_word' id='word_1_271' title='bbox 681 3134 753 3196; x_wconf 89' lang='lat' dir='ltr'>sit</span> <span class='ocrx_word' id='word_1_272' title='bbox 805 3136 1034 3209; x_wconf 83' lang='lat' dir='ltr'>Homo;</span> <span class='ocrx_word' id='word_1_273' title='bbox 1091 3138 1250 3222; x_wconf 91' lang='lat' dir='ltr'>quod</span> <span class='ocrx_word' id='word_1_274' title='bbox 1300 3147 1450 3201; x_wconf 86' lang='lat' dir='ltr'>esset</span> <span class='ocrx_word' id='word_1_275' title='bbox 1492 3158 1669 3200; x_wconf 87' lang='lat' dir='ltr'>verus</span> <span class='ocrx_word' id='word_1_276' title='bbox 1709 3138 1902 3209; x_wconf 84' lang='lat' dir='ltr'>Deus;</span> <span class='ocrx_word' id='word_1_277' title='bbox 1958 3147 2018 3202; x_wconf 92' lang='lat' dir='ltr'>et</span> <span class='ocrx_word' id='word_1_278' title='bbox 2058 3138 2216 3225; x_wconf 87' lang='lat' dir='ltr'>quod</span> <span class='ocrx_word' id='word_1_279' title='bbox 2258 3139 2448 3202; x_wconf 88' lang='lat' dir='ltr'>omnis</span> <span class='ocrx_word' id='word_1_280' title='bbox 2488 3138 2786 3226; x_wconf 86' lang='lat' dir='ltr'>plenitudo</span> 
     </span>
     <span class='ocr_line' id='line_1_29' title="bbox 682 3233 2786 3321; baseline 0.003 -25"><span class='ocrx_word' id='word_1_281' title='bbox 682 3233 1026 3299; x_wconf 81' lang='lat' dir='ltr'>Divinitatis</span> <span class='ocrx_word' id='word_1_282' title='bbox 1054 3236 1112 3297; x_wconf 91' lang='lat' dir='ltr'>in</span> <span class='ocrx_word' id='word_1_283' title='bbox 1143 3235 1278 3321; x_wconf 91' lang='lat' dir='ltr'>Ipso</span> <span class='ocrx_word' id='word_1_284' title='bbox 1318 3235 1616 3298; x_wconf 86' lang='lat' dir='ltr'>habitaret</span> <span class='ocrx_word' id='word_1_285' title='bbox 1644 3238 2067 3320; x_wconf 86' lang='lat' dir='ltr'>corporaliter;</span> <span class='ocrx_word' id='word_1_286' title='bbox 2121 3249 2179 3301; x_wconf 90' lang='lat' dir='ltr'>et</span> <span class='ocrx_word' id='word_1_287' title='bbox 2221 3236 2488 3301; x_wconf 82' lang='lat' dir='ltr'>fecerunt</span> <span class='ocrx_word' id='word_1_288' title='bbox 2522 3241 2637 3313; x_wconf 89' lang='lat' dir='ltr'>ita,</span> <span class='ocrx_word' id='word_1_289' title='bbox 2687 3240 2786 3303; x_wconf 84' lang='lat' dir='ltr'>sed</span> 
     </span>
     <span class='ocr_line' id='line_1_30' title="bbox 678 3334 2789 3427; baseline 0.002 -28"><span class='ocrx_word' id='word_1_290' title='bbox 678 3334 870 3399; x_wconf 83' lang='lat' dir='ltr'>solum</span> <span class='ocrx_word' id='word_1_291' title='bbox 920 3335 980 3396; x_wconf 91' lang='lat' dir='ltr'>in</span> <span class='ocrx_word' id='word_1_292' title='bbox 1032 3345 1271 3398; x_wconf 85' lang='lat' dir='ltr'>externa</span> <span class='ocrx_word' id='word_1_293' title='bbox 1320 3335 1713 3419; x_wconf 85' lang='lat' dir='ltr'>cogitatione,</span> <span class='ocrx_word' id='word_1_294' title='bbox 1779 3358 1963 3421; x_wconf 84' lang='lat' dir='ltr'>quare</span> <span class='ocrx_word' id='word_1_295' title='bbox 2011 3360 2130 3401; x_wconf 91' lang='lat' dir='ltr'>nou</span> <span class='ocrx_word' id='word_1_296' title='bbox 2183 3348 2502 3426; x_wconf 90' lang='lat' dir='ltr'>potuerunt</span> <span class='ocrx_word' id='word_1_297' title='bbox 2549 3350 2789 3427; x_wconf 88' lang='lat' dir='ltr'>propter</span> 
     </span>
     <span class='ocr_line' id='line_1_31' title="bbox 680 3434 2790 3525; baseline 0.003 -28"><span class='ocrx_word' id='word_1_298' title='bbox 680 3434 937 3498; x_wconf 85' lang='lat' dir='ltr'>renisum</span> <span class='ocrx_word' id='word_1_299' title='bbox 982 3436 1251 3499; x_wconf 86' lang='lat' dir='ltr'>internae</span> <span class='ocrx_word' id='word_1_300' title='bbox 1278 3434 1476 3518; x_wconf 84' lang='lat' dir='ltr'>eloqui</span> <span class='ocrx_word' id='word_1_301' title='bbox 1508 3434 1803 3501; x_wconf 77' lang='lat' dir='ltr'>Dlvnwm</span> <span class='ocrx_word' id='word_1_302' title='bbox 1831 3437 2213 3514; x_wconf 55' lang='lat' dir='ltr'>Hominum,</span> <span class='ocrx_word' id='word_1_303' title='bbox 2265 3439 2528 3503; x_wconf 86' lang='lat' dir='ltr'>dicentes</span> <span class='ocrx_word' id='word_1_304' title='bbox 2568 3451 2790 3525; x_wconf 88' lang='lat' dir='ltr'>aperte,</span> 
     </span>
     <span class='ocr_line' id='line_1_32' title="bbox 674 3533 2832 3626; baseline 0.004 -29"><span class='ocrx_word' id='word_1_305' title='bbox 674 3534 833 3619; x_wconf 91' lang='lat' dir='ltr'>quod</span> <span class='ocrx_word' id='word_1_306' title='bbox 873 3556 996 3599; x_wconf 90' lang='lat' dir='ltr'>non</span> <span class='ocrx_word' id='word_1_307' title='bbox 1043 3543 1279 3623; x_wconf 84' lang='lat' dir='ltr'>possent</span> <span class='ocrx_word' id='word_1_308' title='bbox 1331 3533 1549 3598; x_wconf 88' lang='lat' dir='ltr'>babere</span> <span class='ocrx_word' id='word_1_309' title='bbox 1601 3537 1793 3600; x_wconf 88' lang='lat' dir='ltr'>ideam</span> <span class='ocrx_word' id='word_1_310' title='bbox 1842 3537 2045 3601; x_wconf 90' lang='lat' dir='ltr'>Divini</span> <span class='ocrx_word' id='word_1_311' title='bbox 2089 3540 2385 3614; x_wconf 86' lang='lat' dir='ltr'>Humani,</span> <span class='ocrx_word' id='word_1_312' title='bbox 2438 3541 2579 3626; x_wconf 86' lang='lat' dir='ltr'>quia</span> <span class='ocrx_word' id='word_1_313' title='bbox 2626 3541 2832 3606; x_wconf 73' lang='lat' dir='ltr'>Deus&#39;</span> 
     </span>
     <span class='ocr_line' id='line_1_33' title="bbox 678 3632 2788 3728; baseline 0.003 -31"><span class='ocrx_word' id='word_1_314' title='bbox 678 3644 768 3699; x_wconf 90' lang='lat' dir='ltr'>est</span> <span class='ocrx_word' id='word_1_315' title='bbox 793 3635 990 3712; x_wconf 79' lang='lat' dir='ltr'>DeuS,</span> <span class='ocrx_word' id='word_1_316' title='bbox 1041 3646 1100 3699; x_wconf 86' lang='lat' dir='ltr'>et</span> <span class='ocrx_word' id='word_1_317' title='bbox 1127 3635 1306 3699; x_wconf 91' lang='lat' dir='ltr'>homo</span> <span class='ocrx_word' id='word_1_318' title='bbox 1342 3645 1429 3699; x_wconf 90' lang='lat' dir='ltr'>est</span> <span class='ocrx_word' id='word_1_319' title='bbox 1455 3632 1667 3712; x_wconf 80' lang='lat' dir='ltr'>bomn,</span> <span class='ocrx_word' id='word_1_320' title='bbox 1721 3646 1779 3703; x_wconf 88' lang='lat' dir='ltr'>et</span> <span class='ocrx_word' id='word_1_321' title='bbox 1807 3638 1971 3703; x_wconf 90' lang='lat' dir='ltr'>Deus</span> <span class='ocrx_word' id='word_1_322' title='bbox 2010 3649 2097 3703; x_wconf 83' lang='lat' dir='ltr'>est</span> <span class='ocrx_word' id='word_1_323' title='bbox 2124 3638 2409 3726; x_wconf 85' lang='lat' dir='ltr'>Spiritus,</span> <span class='ocrx_word' id='word_1_324' title='bbox 2464 3650 2522 3702; x_wconf 87' lang='lat' dir='ltr'>et</span> <span class='ocrx_word' id='word_1_325' title='bbox 2561 3639 2636 3703; x_wconf 91' lang='lat' dir='ltr'>de</span> <span class='ocrx_word' id='word_1_326' title='bbox 2674 3642 2788 3728; x_wconf 89' lang='lat' dir='ltr'>spi-</span> 
     </span>
     <span class='ocr_line' id='line_1_34' title="bbox 677 3735 2784 3824; baseline 0.003 -26"><span class='ocrx_word' id='word_1_327' title='bbox 677 3735 795 3798; x_wconf 86' lang='lat' dir='ltr'>ritu</span> <span class='ocrx_word' id='word_1_328' title='bbox 827 3757 943 3798; x_wconf 88' lang='lat' dir='ltr'>non</span> <span class='ocrx_word' id='word_1_329' title='bbox 975 3736 1145 3800; x_wconf 83' lang='lat' dir='ltr'>aliter</span> <span class='ocrx_word' id='word_1_330' title='bbox 1174 3736 1590 3822; x_wconf 86' lang='lat' dir='ltr'>cogitavimus,</span> <span class='ocrx_word' id='word_1_331' title='bbox 1646 3759 1823 3824; x_wconf 85' lang='lat' dir='ltr'>quam</span> <span class='ocrx_word' id='word_1_332' title='bbox 1862 3739 2012 3803; x_wconf 89' lang='lat' dir='ltr'>sicut</span> <span class='ocrx_word' id='word_1_333' title='bbox 2053 3739 2125 3802; x_wconf 91' lang='lat' dir='ltr'>de</span> <span class='ocrx_word' id='word_1_334' title='bbox 2154 3739 2349 3803; x_wconf 87' lang='lat' dir='ltr'>Vento</span> <span class='ocrx_word' id='word_1_335' title='bbox 2389 3751 2493 3804; x_wconf 90' lang='lat' dir='ltr'>aut</span> <span class='ocrx_word' id='word_1_336' title='bbox 2527 3740 2784 3806; x_wconf 87' lang='lat' dir='ltr'>aethere.</span> 
     </span>
     <span class='ocr_line' id='line_1_35' title="bbox 677 3834 2787 3926; baseline 0.003 -29"><span class='ocrx_word' id='word_1_337' title='bbox 677 3834 775 3898; x_wconf 85' lang='lat' dir='ltr'>Vl.</span> <span class='ocrx_word' id='word_1_338' title='bbox 833 3836 1105 3899; x_wconf 89' lang='lat' dir='ltr'>Tandem</span> <span class='ocrx_word' id='word_1_339' title='bbox 1155 3836 1372 3901; x_wconf 86' lang='lat' dir='ltr'>dictum</span> <span class='ocrx_word' id='word_1_340' title='bbox 1420 3847 1506 3900; x_wconf 86' lang='lat' dir='ltr'>est</span> <span class='ocrx_word' id='word_1_341' title='bbox 1555 3836 1696 3914; x_wconf 86' lang='lat' dir='ltr'>illis,</span> <span class='ocrx_word' id='word_1_342' title='bbox 1765 3839 1947 3903; x_wconf 87' lang='lat' dir='ltr'>nostis</span> <span class='ocrx_word' id='word_1_343' title='bbox 2000 3839 2158 3926; x_wconf 84' lang='lat' dir='ltr'>quod</span> <span class='ocrx_word' id='word_1_344' title='bbox 2214 3841 2501 3905; x_wconf 81' lang='lat' dir='ltr'>Dominus</span> <span class='ocrx_word' id='word_1_345' title='bbox 2558 3840 2787 3917; x_wconf 88' lang='lat' dir='ltr'>dixerit,</span> 
     </span>
     <span class='ocr_line' id='line_1_36' title="bbox 678 3934 2785 4031; baseline 0.004 -31"><span class='ocrx_word' id='word_1_346' title='bbox 678 3934 931 4000; x_wconf 83' lang='lat' dir='ltr'>Manete</span> <span class='ocrx_word' id='word_1_347' title='bbox 972 3939 1034 3998; x_wconf 87' lang='lat' dir='ltr'>in</span> <span class='ocrx_word' id='word_1_348' title='bbox 1075 3938 1214 4011; x_wconf 86' lang='lat' dir='ltr'>Me,</span> <span class='ocrx_word' id='word_1_349' title='bbox 1265 3949 1323 4002; x_wconf 84' lang='lat' dir='ltr'>et</span> <span class='ocrx_word' id='word_1_350' title='bbox 1362 3936 1501 4027; x_wconf 82' lang='lat' dir='ltr'>Ego</span> <span class='ocrx_word' id='word_1_351' title='bbox 1543 3940 1606 4001; x_wconf 80' lang='lat' dir='ltr'>i&#39;n</span> <span class='ocrx_word' id='word_1_352' title='bbox 1643 3938 1856 4015; x_wconf 76' lang='lat' dir='ltr'>vobis,</span> <span class='ocrx_word' id='word_1_353' title='bbox 1908 3942 2017 4030; x_wconf 81' lang='lat' dir='ltr'>qui</span> <span class='ocrx_word' id='word_1_354' title='bbox 2064 3953 2262 4005; x_wconf 80' lang='lat' dir='ltr'>manet</span> <span class='ocrx_word' id='word_1_355' title='bbox 2301 3942 2363 4003; x_wconf 79' lang='lat' dir='ltr'>in</span> <span class='ocrx_word' id='word_1_356' title='bbox 2402 3941 2515 4007; x_wconf 84' lang='lat' dir='ltr'>Me</span> <span class='ocrx_word' id='word_1_357' title='bbox 2552 3954 2611 4006; x_wconf 81' lang='lat' dir='ltr'>et</span> <span class='ocrx_word' id='word_1_358' title='bbox 2650 3942 2785 4031; x_wconf 79' lang='lat' dir='ltr'>Ego</span> 
     </span>
     <span class='ocr_line' id='line_1_37' title="bbox 674 4033 2783 4133; baseline 0.003 -34"><span class='ocrx_word' id='word_1_359' title='bbox 674 4038 738 4099; x_wconf 83' lang='lat' dir='ltr'>in</span> <span class='ocrx_word' id='word_1_360' title='bbox 765 4034 906 4111; x_wconf 72' lang='lat' dir='ltr'>illo,</span> <span class='ocrx_word' id='word_1_361' title='bbox 956 4034 1053 4100; x_wconf 79' lang='lat' dir='ltr'>hic</span> <span class='ocrx_word' id='word_1_362' title='bbox 1067 4033 1208 4123; x_wconf 61' lang='lat' dir='ltr'>sert</span> <span class='ocrx_word' id='word_1_363' title='bbox 1224 4034 1508 4125; x_wconf 74' lang='lat' dir='ltr'>fructum</span> <span class='ocrx_word' id='word_1_364' title='bbox 1537 4037 1817 4115; x_wconf 81' lang='lat' dir='ltr'>multum,</span> <span class='ocrx_word' id='word_1_365' title='bbox 1870 4043 2015 4132; x_wconf 82' lang='lat' dir='ltr'>quia</span> <span class='ocrx_word' id='word_1_366' title='bbox 2054 4044 2187 4104; x_wconf 82' lang='lat' dir='ltr'>sine</span> <span class='ocrx_word' id='word_1_367' title='bbox 2213 4041 2325 4106; x_wconf 76' lang='lat' dir='ltr'>Me</span> <span class='ocrx_word' id='word_1_368' title='bbox 2365 4066 2490 4107; x_wconf 81' lang='lat' dir='ltr'>non</span> <span class='ocrx_word' id='word_1_369' title='bbox 2527 4046 2783 4133; x_wconf 54' lang='lat' dir='ltr'>potestis·</span> 
     </span>
     <span class='ocr_line' id='line_1_38' title="bbox 652 4131 2781 4234; baseline 0.004 -36"><span class='ocrx_word' id='word_1_370' title='bbox 652 4131 876 4221; x_wconf 83' lang='lat' dir='ltr'>facere</span> <span class='ocrx_word' id='word_1_371' title='bbox 916 4140 1263 4234; x_wconf 44' lang='lat' dir='ltr'>quicquarffi,</span> <span class='ocrx_word' id='word_1_372' title='bbox 1315 4137 1456 4200; x_wconf 87' lang='lat' dir='ltr'>Joh.</span> <span class='ocrx_word' id='word_1_373' title='bbox 1506 4138 1648 4200; x_wconf 87' lang='lat' dir='ltr'>XV:</span> <span class='ocrx_word' id='word_1_374' title='bbox 1703 4144 1757 4200; x_wconf 81' lang='lat'>4.</span> <span class='ocrx_word' id='word_1_375' title='bbox 1812 4142 1882 4210; x_wconf 71' lang='grc' dir='ltr'>ὃς</span> <span class='ocrx_word' id='word_1_376' title='bbox 1955 4148 2014 4203; x_wconf 91' lang='lat' dir='ltr'>et</span> <span class='ocrx_word' id='word_1_377' title='bbox 2058 4140 2196 4223; x_wconf 86' lang='lat' dir='ltr'>quia</span> <span class='ocrx_word' id='word_1_378' title='bbox 2251 4140 2454 4226; x_wconf 78' lang='lat' dir='ltr'>aliqui&#39;</span> <span class='ocrx_word' id='word_1_379' title='bbox 2484 4163 2555 4204; x_wconf 87' lang='lat' dir='ltr'>ex</span> <span class='ocrx_word' id='word_1_380' title='bbox 2612 4142 2781 4206; x_wconf 87' lang='lat' dir='ltr'>Clero</span> 
     </span>
     <span class='ocr_line' id='line_1_39' title="bbox 678 4227 2786 4321; baseline 0.003 -23"><span class='ocrx_word' id='word_1_381' title='bbox 678 4233 929 4321; x_wconf 83' lang='lat' dir='ltr'>Angliae</span> <span class='ocrx_word' id='word_1_382' title='bbox 959 4227 1226 4309; x_wconf 76' lang='lat' dir='ltr'>aderant,</span> <span class='ocrx_word' id='word_1_383' title='bbox 1259 4236 1474 4298; x_wconf 87' lang='lat' dir='ltr'>lectum</span> <span class='ocrx_word' id='word_1_384' title='bbox 1507 4245 1595 4297; x_wconf 84' lang='lat' dir='ltr'>est</span> <span class='ocrx_word' id='word_1_385' title='bbox 1621 4257 1824 4299; x_wconf 87' lang='lat' dir='ltr'>coram</span> <span class='ocrx_word' id='word_1_386' title='bbox 1852 4238 1964 4303; x_wconf 87' lang='lat' dir='ltr'>illis</span> <span class='ocrx_word' id='word_1_387' title='bbox 1990 4260 2062 4301; x_wconf 90' lang='lat' dir='ltr'>ex</span> <span class='ocrx_word' id='word_1_388' title='bbox 2090 4259 2207 4302; x_wconf 87' lang='lat' dir='ltr'>una</span> <span class='ocrx_word' id='word_1_389' title='bbox 2238 4239 2474 4304; x_wconf 88' lang='lat' dir='ltr'>illorum</span> <span class='ocrx_word' id='word_1_390' title='bbox 2497 4242 2786 4306; x_wconf 88' lang='lat' dir='ltr'>Oratione</span> 
     </span>
    </p>
   </div>
  </div>
 </body>
</html>
