3309 4775
1176 1134 1491 1203 DANIEL
1542 1136 1865 1227 Capsvll.
1929 1139 2095 1204 Vers.
2157 1143 2256 1202 13.
2310 1142 2411 1203 14.

745 1291 818 1361 V
816 1289 992 1357 iden-5
1033 1287 1150 1380 fui
1212 1296 1276 1357 in
1339 1296 1688 1362 visionibus
1759 1298 1985 1370 noctis,
2058 1309 2115 1359 et
2179 1318 2312 1360 ecee
2386 1317 2517 1360 oum
2588 1292 2855 1361 nubibus

842 1389 1146 1456 caelorum
1199 1396 1353 1459 sicut
1403 1394 1620 1459 Funus
1684 1396 1972 1460 Honmus
2021 1400 2278 1462 veniens
2311 1390 2485 1483 suit.-
2555 1394 2638 1458 Et
2687 1395 2855 1459 Huic

841 1489 1050 1558 datum
1103 1482 1195 1556 est
1237 1493 1613 1569 Dominium‚
1669 1509 1726 1559 et
1776 1492 1996 1560 Gloria
2054 1509 2111 1559 et
2163 1495 2474 1585 Regnum,
2540 1508 2597 1558 et
2644 1516 2856 1559 omnes

830 1589 1069 1684 populi,
1114 1608 1340 1682 gentes,
1395 1608 1452 1658 et
1494 1592 1744 1684 linguae
1773 1593 1989 1687 Ipsum
2028 1593 2258 1660 colent.-
2307 1594 2658 1661 Dominium
2684 1594 2852 1680 Ejus

841 1692 1193 1758 Dominium
1231 1694 1483 1772 saeculi,
1534 1694 1706 1785 quod
1744 1719 1867 1760 non
1914 1695 2210 1772 transibit,
2277 1705 2332 1759 et
2377 1693 2652 1785 Regnum
2687 1693 2856 1780 Ejus

842 1791 1011 1884 quod
1046 1816 1166 1858 non
1197 1795 1432 1886 peribit.

994 1989 1542 2060 APOCALYPSIS
1601 1995 1746 2081 Cap.
1793 1993 1972 2060 XXI:
2032 1998 2086 2058 1.
2136 1998 2195 2058 2.
2242 1999 2298 2057 5.
2349 1999 2404 2058 9.
2457 1999 2555 2059 10.

739 2149 878 2240 Ego
922 2147 1242 2214 Johannes
1296 2148 1436 2214 vidi
1474 2149 1722 2215 Caelum
1761 2151 1834 2216 N
1833 2175 2007 2216 ovum
2049 2164 2106 2214 et
2147 2150 2393 2215 Terram
2446 2150 2690 2215 Novam
2705 2176 2727 2212 .-
2793 2162 2852 2213 et

841 2246 978 2314 vidi
1031 2249 1252 2314 Urbem
1305 2264 1577 2315 sanctam
1621 2248 2118 2340 Hierosolymam
2164 2273 2408 2324 novam,
2488 2246 2851 2315 descenden-

844 2365 961 2417 tem
1015 2373 1056 2415 a
1107 2349 1242 2415 Deo
1285 2373 1319 2415 e
1369 2349 1583 2427 Caelo,
1648 2364 1934 2443 paratam
2000 2353 2156 2415 sient
2210 2347 2509 2444 Sponsam
2572 2361 2849 2415 ornatam

841 2452 1078 2517 Marito
1133 2474 1266 2515 suo.
1349 2452 1434 2516 Et
1483 2449 1769 2542 Angelus
1829 2450 2116 2541 loquutus
2164 2465 2254 2515 est
2310 2474 2564 2526 mecum,
2624 2449 2847 2525 dicens,

840 2554 990 2617 veni
1043 2548 1356 2615 ostendam
1399 2551 1508 2617 tibi
1561 2553 1858 2617 sponsffl
1906 2549 2072 2616 Aom
2121 2550 2447 2623 Uxonssm
2485 2565 2556 2615 -et
2601 2547 2851 2615 abstulit

845 2676 935 2717 me
972 2654 1033 2715 in
1082 2654 1299 2742 spiritu
1339 2675 1524 2746 snper
1560 2665 1818 2717 montem
1861 2675 2145 2741 magnum
2189 2664 2244 2715 et
2290 2650 2511 2727 altum,
2561 2664 2618 2714 et
2654 2652 2882 2715 osten·'

847 2751 936 2817 dit
977 2748 1127 2815 mihi
1153 2750 1371 2834 Urbem
1405 2776 1688 2843 magnam
1723 2765 1997 2816 sanctam
2024 2750 2518 2838 Hierosolymam
2533 2795 2551 2824 ,
2603 2748 2847 2815 descen-

845 2851 1079 2917 dentem
1114 2874 1148 2915 e
1191 2851 1375 2917 Caelo
1416 2877 1457 2917 a
1493 2853 1642 2918 Deo.

741 2949 969 3020 Sedens
1011 2974 1195 3045 super
1240 2951 1487 3019 Τήν-οπο
1546 2951 1741 3027 dixit,
1809 2973 1946 3017 ecce
1995 2950 2193 3016 NovA
2247 2969 2460 3015 omnm
2511 2969 2728 3022 mmm
2793 2961 2851 3014 et

848 3052 1008 3119 dixit
1048 3050 1218 3126 mihi,
1274 3053 1496 3151 scribe,
1549 3056 1698 3143 quia
1735 3049 1886 3118 haec
1916 3052 2111 3118 verba
2150 3074 2306 3117 vera
2343 3064 2401 3115 et
2426 3048 2583 3142 fida
2620 3061 2779 3114 sunt.

2967 2654 2972 2811 Ν
