3309 4775
746 357 774 401 2
983 302 2012 397 iJNIVERSATHEOLOGIA
2054 346 2121 397 N.
2165 345 2230 401 C.
2272 345 2377 397 ET
2418 346 2488 402 N.
2531 346 2597 400 Ε.

742 493 979 563 nullus
1014 493 1425 563 mortalium
1472 493 1726 564 salvari
1764 494 2118 591 potuerit,
2172 493 2314 561 nisi
2353 494 2705 565 Dominus
2754 496 2830 564 in

743 593 1093 663 Mundum
1144 597 1439 665 venerit.
1550 594 1968 665 Universale
2038 593 2207 663 fidei
2272 611 2421 679 est,
2502 594 2712 690 quod
2752 598 2830 665 in

741 694 1091 765 Mundum
1131 697 1439 783 venerit,
1494 714 1574 765 ut
1617 713 2017 766 removeret
2060 695 2428 764 Infernum
2466 694 2555 764 ab
2598 696 2829 770 homi-

739 821 832 865 ne
846 848 868 883 ,
924 813 997 866 et
1050 796 1250 892 quod
1299 797 1682 867 removerit
1735 796 1915 865 illud
1952 821 2083 893 per
2119 821 2401 893 pugnas
2443 815 2699 867 contra
2742 797 2828 867 il-

741 897 911 985 lud,
991 914 1064 967 et
1114 923 1246 994 per
1299 898 1640 968 victorias
1698 922 1914 993 super
1965 896 2187 988 illud5
2265 898 2368 966 ita
2421 896 2831 995 subjugavit

743 997 923 1067 illud
939 1022 961 1083 ,’
1042 997 1445 1094 etreslegit
1496 997 1678 1067 illud
1732 999 1807 1066 in
1864 998 2231 1085 ordinem,
2314 1015 2386 1067 et
2440 997 2572 1068 sub
2628 1011 2830 1069 Suam

742 1098 1250 1170 obedientiam.
1336 1098 1758 1171 Universale
1813 1098 1980 1168 fidei
2036 1115 2182 1186 est,
2241 1097 2440 1196 quod
2492 1100 2567 1168 in
2619 1101 2826 1169 Mun-

741 1198 906 1269 dum
964 1199 1268 1288 venerit,
1322 1218 1403 1270 ut
1441 1202 1850 1269 Humanum
1889 1206 2128 1285 suum,
2186 1199 2384 1295 quod
2431 1199 2505 1268 in
2550 1202 2827 1271 Mundo

738 1301 1084 1397 suscepit,
1139 1300 1594 1397 glorificaret,
1638 1301 1777 1370 hoc
1809 1318 1942 1387 est,
1980 1302 2219 1369 uniret
2244 1300 2509 1370 Divino
2552 1328 2592 1371 a
2627 1302 2787 1399 Quo
2798 1329 2825 1393 5
2932 1342 2940 1351 ·

741 1401 846 1470 sic
897 1400 1264 1471 Infernum
1317 1403 1392 1471 in
1447 1402 1703 1471 ordine
1757 1419 1830 1472 et
1882 1400 2014 1471 sub
2070 1401 2487 1471 obedientia
2534 1428 2693 1489 sua,
2750 1403 2827 1471 in

740 1518 1105 1571 aeternum
1136 1494 1352 1572 tenet.
1402 1502 1761 1599 Quoniam
1786 1501 1929 1572 hoc
1958 1528 2103 1572 non
2135 1503 2373 1599 potuit
2402 1502 2576 1589 fieri,
2612 1530 2827 1601 quam

737 1626 872 1699 per
901 1604 1370 1673 Tentationes
1395 1605 1486 1672 cin
1520 1605 1926 1672 Humanum
1968 1629 2173 1672 suum
2212 1603 2559 1673 admissas
2595 1631 2827 1702 usque

738 1701 832 1771 ad
873 1702 1211 1775 Ultimam
1263 1704 1579 1790 illarum,
1636 1721 1710 1773 et
1761 1704 2009 1773 ultima
2065 1703 2345 1773 illarum
2388 1703 2529 1774 fuit
2574 1706 2824 1775 Passio

741 1804 977 1874 crucis
991 1856 1013 1892 ,
1068 1804 1235 1874 ideo
1290 1804 1484 1874 illam
1543 1804 1828 1875 subivit.
1928 1806 2124 1874 Haec
2180 1823 2350 1875 sunt
2399 1806 2829 1877 Uuniversa·

744 1903 846 1972 lia
898 1904 1066 1975 fidei
1121 1905 1210 1975 dc
1266 1907 1595 1977 Domino.

885 2006 1305 2077 Universale
1344 2007 1511 2077 fidei
1554 2034 1594 2076 a
1631 2026 1836 2106 parte
1882 2008 2195 2077 hominis
2251 2025 2396 2093 est,
2451 2025 2533 2078 ut
2579 2006 2830 2078 credat

716 2097 815 2175 *in
854 2107 1264 2193 Dominum,
1319 2135 1483 2177 nam
1521 2134 1653 2206 per
1692 2108 1985 2179 credere
2031 2110 2105 2177 in
2150 2107 2361 2201 Illum
2406 2109 2485 2179 fit
2524 2109 2827 2207 conjun-

740 2208 889 2277 ctio
943 2234 1106 2278 cum
1155 2208 1328 2295 Illo,
1382 2234 1516 2307 per
1567 2236 1783 2306 quam
1836 2209 2189 2280 Salvatio:
2263 2211 2560 2279 credere
2613 2211 2687 2279 in
2738 2209 2828 2279 Il·

739 2307 921 2397 lum,
977 2326 1088 2379 est
1131 2309 1465 2380 fiduciam
1506 2310 1771 2381 habere
1814 2312 2014 2408 quod
2045 2311 2173 2380 Ille
2223 2310 2448 2380 salvet
2464 2338 2487 2403 3
2544 2329 2615 2381 et
2661 2312 2829 2409 quia

737 2409 1074 2480 fiduciam
1124 2411 1390 2482 habere
1442 2439 1591 2483 non
1643 2430 1921 2511 potest,
2003 2413 2146 2484 nisi
2200 2413 2326 2509 qui
2391 2412 2578 2482 bene
2632 2413 2823 2499 vivit,

736 2510 907 2581 ideo
961 2512 1177 2582 etiam
1228 2513 1370 2583 hoc
1422 2539 1555 2611 per
1604 2514 1899 2585 credere
1953 2515 2029 2584 in
2080 2515 2323 2612 Ipsum
2379 2513 2825 2609 intelligitur.

736 2613 898 2682 Hoc
953 2611 1134 2683 dicit
1199 2615 1414 2684 etiam
1485 2616 1839 2685 Dominus
1899 2614 2092 2713 apud
2154 2615 2556 2685 Johaimem
2621 2619 2829 2692 „Haec

736 2732 823 2781 est
867 2715 1162 2789 voluntas
1207 2719 1452 2794 Patris,
1505 2734 1568 2783 ut
1607 2723 1804 2784 omnis
1843 2723 1949 2812 qui
1983 2718 2166 2784 credit
2204 2722 2266 2783 in
2306 2717 2560 2795 Filium,
2615 2717 2831 2784 habeat

735 2821 923 2883 vitam
969 2829 1309 2884 aelernam“
1365 2819 1496 2888 VI:
1557 2827 1670 2900 40.
1719 2835 1791 2886 et
1828 2816 2001 2886 alibi
2055 2821 2225 2904 „Qui
2258 2820 2443 2885 credit
2484 2824 2544 2884 in
2589 2819 2830 2894 Filium,

741 2917 914 2984 habet
954 2922 1144 2984 vitam
1189 2934 1530 2985 aelernam:
1599 2925 1706 3014 qui
1739 2945 1887 2986 vero
1934 2946 2056 2985 non
2094 2920 2279 2986 credit
2320 2921 2484 2986 Filio
2504 2970 2520 2998 ,
2572 2947 2695 2986 non
2735 2923 2832 2986 vi-

745 3017 903 3083 debit
939 3022 1160 3095 vitam,
1211 3021 1322 3087 sed
1358 3024 1450 3086 ira
1494 3023 1611 3087 Dei
1653 3037 1850 3087 manet
1889 3047 2072 3116 super
2112 3021 2288 3099 illo,“
2331 3020 2461 3089 III:
2520 3035 2632 3098 56.

894 3131 958 3194 3.
1027 3119 1254 3186 FrnEs
1308 3122 1501 3203 Non
1557 3119 1785 3190 cmm
1837 3149 1928 3189 Er
1981 3122 2232 3191 Noun
2291 3118 2694 3194 Eccmzsmr:
2752 3146 2830 3189 m

747 3215 1154 3286 Smonmm
1207 3222 1492 3306 Forum,
1549 3219 1728 3290 haec
1782 3237 1924 3290 est:
1995 3221 2209 3318 Quod
2259 3221 2580 3292 Jehovah
2632 3224 2829 3290 Deus

745 3316 840 3386 sit
888 3318 1051 3414 Ipse
1105 3319 1332 3388 Amor
1381 3336 1454 3389 et
1504 3322 1668 3416 Ipsa
1715 3321 2108 3418 Sapientia,
2166 3347 2293 3391 seu
2333 3323 2531 3419 quod
2585 3323 2678 3391 sit
2715 3323 2831 3418 lp-

747 3443 905 3488 sum
937 3421 1216 3488 Bonum
1271 3437 1343 3490 et
1393 3421 1634 3516 Ipsum
1682 3423 1983 3508 Verum,
2039 3439 2111 3492 et
2148 3422 2346 3520 quod
2383 3425 2544 3520 Ipse
2587 3421 2831 3519 quoad

743 3518 1084 3588 Divinum
1140 3521 1446 3607 Verum,
1505 3522 1704 3616 quod
1756 3540 1867 3593 est
1920 3522 2272 3610 Verbum,
2330 3541 2402 3594 et
2456 3524 2654 3620 quod
2693 3522 2833 3592 fuit

745 3619 945 3690 Deus
999 3620 1194 3718 apud
1235 3624 1502 3708 Deum,
1561 3621 2053 3710 descenderit,
2109 3642 2181 3694 et
2225 3625 2642 3696 assumserit
2684 3626 2833 3691 Hu-

745 3744 1070 3808 manum,
1151 3741 1454 3819 propter
1504 3723 1749 3810 finem,
1829 3742 1910 3795 ut
1961 3726 2037 3794 in
2091 3726 2420 3796 ordinem
2469 3725 2829 3821 redigeret

749 3822 990 3892 omnia
1045 3849 1230 3919 quae
1283 3825 1358 3893 in
1412 3823 1665 3911 Caelo,
1734 3843 1806 3896 et
1858 3827 2097 3896 omnia
2149 3851 2333 3923 quae
2384 3827 2460 3895 in
2509 3826 2829 3911 Inferno,

746 3938 822 3992 et
873 3924 1112 3993 omnia
1164 3949 1347 4022 quae
1400 3925 1475 3994 in
1526 3925 1860 3996 Ecclesia
1924 3944 2163 4018 erant-3
2248 3928 2588 4024 quoniam
2654 3943 2830 3997 tunc

749 4025 1077 4119 putentia
1126 4026 1397 4096 Inferni
1448 4025 1672 4097 valuit
1736 4053 1953 4126 super
2002 4029 2402 4126 potentiam
2456 4027 2689 4114 Caeli,
2758 4042 2834 4096 et

753 4127 825 4195 in
875 4127 1120 4196 Terris
1172 4129 1502 4225 potentia
1552 4128 1721 4198 mali
1771 4154 1989 4227 super
2036 4131 2438 4227 potentiam
2488 4128 2701 4216 honi,
2757 4143 2835 4198 et

749 4223 918 4295 'inde
955 4227 1201 4298 totalis
1243 4228 1605 4302 damnatio
1645 4248 1811 4302 ante
1851 4231 2047 4302 fores
2090 4231 2292 4302 stetit
2336 4248 2407 4303 et
2445 4228 2838 4323 imminuit,
