3309 4775
1157 387 1226 438 11.
1308 386 2349 442 DOM1NUSREDEMPTOR.
2707 402 2807 449 151

703 542 936 616 Verbo,
999 540 1102 605 sed
1147 541 1289 604 talia
1340 539 1496 604 forte
1551 540 1804 626 legimns
1854 540 1967 614 ibi,
2031 540 2133 609 sed
2190 561 2309 604 non
2369 539 2816 620 reminiscimur,

706 664 889 730 quare
921 641 1148 728 aperite
1177 662 1376 705 coram
1405 640 1577 704 nobis
1605 641 1902 717 Verbum,
1955 650 2013 703 et
2040 642 2218 726 legite
2256 640 2353 704 illa
2394 641 2566 717 inde,
2613 643 2811 730 impri-

707 745 814 808 mis
842 744 897 805 id
930 744 1040 817 ibi,
1094 742 1253 827 quod
1283 743 1558 827 Regnum
1587 742 1785 806 Patris
1813 751 1953 805 tunc
1984 743 2215 817 veniat,
2265 742 2504 827 quando
2535 743 2811 830 Regnum

704 844 976 916 Domini;
1034 852 1091 906 et
1132 852 1272 906 tunc
1312 844 1586 906 dixerunt
1611 843 1854 916 Pueris,
1904 852 2214 930 apportate
2252 843 2553 919 Verbum,
2607 854 2667 908 et
2709 866 2811 931 ap-

708 946 1073 1032 portabant,
1117 952 1175 1007 et
1204 943 1337 1007 inde
1366 943 1616 1028 legimus
1642 943 1792 1007 haec
1822 946 2162 1030 sequexiiia3
2217 943 2540 1009 Iohannes
2570 945 2817 1037 praedi—

708 1069 856 1109 cans
893 1043 1295 1135 Evangelium
1341 1043 1562 1133 Regni,
1619 1043 1814 1118 dixit,
1867 1043 2222 1137 completum
2260 1060 2351 1110 est
2394 1060 2654 1138 tempus,
2707 1071 2815 1139 ap·

700 1150 1131 1239 propinquavit
1167 1146 1454 1210 REGNUM
1481 1146 1633 1221 Dm,
1686 1145 1871 1208 Marc.
1915 1145 1973 1207 I:
2022 1150 2256 1209 14.15.
2314 1145 2525 1211 Matih.
2573 1146 2694 1211 III:
2752 1152 2808 1211 2.

709 1248 856 1339 Ipse
883 1247 1072 1312 Jesus
1092 1245 1469 1338 praedicavit
1493 1244 1895 1336 Evangelium
1927 1246 2129 1336 Regni
2137 1297 2151 1323 ‚
2204 1262 2263 1311 et
2295 1247 2465 1338 quod
2485 1251 2813 1339 appropin-

711 1362 922 1439 quaret
969 1349 1258 1412 REGNUM
1284 1348 1432 1420 Dm,
1487 1346 1847 1412 Mauh.1V=
1892 1351 1989 1409 17.
2023 1351 2122 1410 23.
2182 1346 2324 1434 Cap.
2366 1347 2483 1411 IX:
2534 1353 2637 1411 35.
2709 1349 2813 1413 Je-

711 1473 820 1512 sus
859 1447 1166 1513 mandavit
1209 1446 1548 1539 Discipulis
1567 1499 1580 1519 ,
1638 1461 1703 1512 ut
1748 1447 2171 1538 praedicarent
2224 1464 2281 1513 et
2332 1447 2813 1538 evangelizarent

711 1551 1000 1614 Rmnum
1036 1550 1187 1621 Dm,
1244 1551 1429 1614 Marc.
1476 1549 1651 1613 XVI:
1702 1554 1799 1611 15.
1866 1548 2008 1611 Luc.
2043 1550 2215 1613 VIII:
2267 1554 2318 1612 1.
2377 1550 2517 1635 Cap.
2547 1549 2664 1614 IX:
2708 1554 2808 1615 60.

707 1648 986 1714 similiter
1025 1649 1451 1741 Septuaginta,
1516 1672 1672 1740 quos
1711 1651 1937 1724 emisit,
1990 1649 2129 1713 Luc.
2176 1651 2261 1714 X:
2314 1656 2369 1713 9.
2420 1654 2517 1713 11.
2577 1660 2813 1734 praeter

708 1750 882 1826 alibi,
931 1750 1230 1814 utMauh.
1272 1750 1387 1814 XI:
1433 1754 1489 1812 5.
1547 1749 1687 1835 Cap.
1732 1749 1907 1813 XVI:
1950 1755 2050 1813 27.
2097 1755 2197 1814 28.
2254 1752 2439 1815 Marc.
2476 1750 2656 1814 VIII:
2706 1755 2807 1814 35.

707 1851 850 1936 Cap.
895 1851 1019 1914 IX:
1071 1855 1122 1914 1.
1158 1855 1258 1913 27.
1317 1850 1457 1937 Cap.
1489 1852 1576 1915 X:
1619 1855 1721 1913 29.
1759 1855 1859 1914 30.
1918 1851 2058 1936 Cap.
2093 1851 2210 1916 XI:
2264 1858 2363 1915 10.
2420 1852 2560 1915 Luc.
2600 1851 2656 1913 1:
2709 1857 2808 1915 19.

707 1951 846 2039 Cap.
879 1951 973 2013 II:
1022 1956 1115 2016 10.
1157 1956 1254 2014 11.
1311 1951 1449 2039 Cap.
1482 1951 1597 2017 IV:
1639 1955 1739 2015 43.
1797 1952 1935 2039 Cap.
1970 1952 2119 2015 VII:
2156 1957 2257 2016 22.
2314 1953 2453 2038 Cap.
2486 1951 2665 2017 XXI:
2707 1957 2808 2016 30.

711 2056 813 2115 31.
883 2052 1024 2138 Cap.
1072 2051 1287 2118 XXII:
1351 2056 1449 2119 18.
1531 2053 1809 2139 Regnum
1866 2054 2008 2127 Dei,
2063 2054 2220 2140 quod
2276 2053 2814 2138 evangelizabatur,

709 2164 837 2218 erat
892 2154 1169 2238 Regnum
1217 2152 1489 2228 Domini,
1542 2163 1600 2217 et
1645 2154 1730 2217 sic
1774 2155 2048 2239 Regnum
2096 2155 2317 2224 Patris:
2386 2155 2543 2237 quod
2591 2153 2669 2216 ita
2719 2156 2811 2229 sit,

710 2264 871 2339 patet
901 2275 970 2316 ex
1000 2253 1121 2329 his,
1173 2254 1366 2318 Pater
1389 2253 1554 2319 dedit
1582 2259 1786 2320 omnia
1813 2258 1875 2318 in
1902 2281 2142 2319 manum
2170 2254 2335 2329 Filii,
2381 2256 2418 2318 J
2428 2254 2519 2317 oh.
2558 2253 2675 2316 III:
2708 2259 2810 2319 35.

706 2354 899 2420 Pater
949 2355 1115 2420 dedit
1157 2353 1320 2420 Filio
1364 2369 1722 2448 potestatem
1767 2359 1964 2420 omnis
2021 2361 2256 2433 carnis,
2309 2355 2445 2421 Joh.
2494 2354 2703 2421 XVII:
2753 2362 2809 2421 2.

711 2456 934 2520 Omnia
959 2455 1129 2522 Mihi
1156 2455 1381 2521 tradita
1419 2471 1559 2521 sunt
1597 2482 1637 2521 a
1678 2457 1893 2532 Patre,
1950 2456 2161 2522 Matth.
2195 2457 2317 2521 XI:
2366 2462 2469 2520 27.
2526 2457 2676 2523 data
2721 2473 2813 2523 est

708 2556 880 2622 Mihi
918 2561 1107 2622 omnis
1144 2570 1417 2647 potestas
1455 2561 1516 2622 in
1560 2557 1743 2622 Caelo
1779 2572 1836 2622 et
1875 2562 1937 2622 in
1984 2559 2200 2632 Terra,
2255 2557 2465 2622 Matth.
2510 2558 2811 2624 XXVIII:

715 2662 812 2720 18.
897 2658 972 2721 Et
1020 2678 1198 2744 porro
1239 2680 1307 2720 ex
1353 2658 1442 2721 his
1477 2657 1793 2733 „Jeltovalz
1841 2657 2114 2724 Zebaoth
2168 2660 2410 2726 Nomen
2464 2659 2702 2750 Ipsius,
2758 2673 2815 2723 et

712 2757 1078 2850 Redemptor
1107 2756 1366 2823 Sanctus
1407 2758 1700 2834 Israelis,
1769 2759 1938 2824 Deus
1980 2763 2162 2823 totius
2209 2762 2431 2824 Terrae
2475 2758 2812 2833 vorabitur,

712 2858 867 2937 Esaj.
900 2859 1061 2923 LIV:
1108 2864 1164 2923 5.
1225 2859 1411 2933 Vidi,
1452 2874 1508 2924 et
1532 2884 1665 2923 ecce
1691 2863 1844 2926 sicut
1871 2860 2086 2924 Flmus
2113 2878 2416 2934 HOMINIS,
2469 2863 2571 2922 eui
2606 2858 2813 2926 datum

706 2972 797 3022 est
822 2959 1200 3033 Dominium,
1249 2959 1452 3049 gloria
1490 2975 1545 3023 et
1587 2983 1864 3050 regnum,
1917 2974 1972 3024 et
2010 2984 2217 3024 omnes
2249 2958 2470 3052 populi
2507 2973 2565 3024 et
2603 2974 2814 3048 gentes

707 3061 921 3151 Ipsum
948 3059 1173 3135 colent,
1227 3061 1573 3125 Dominium
1601 3062 1811 3153 Ipsius
1837 3060 2165 3125 dominium
2194 3058 2455 3134 saeculi,
2496 3058 2664 3151 quod
2691 3084 2814 3126 non

709 3162 1015 3237 transibit,
1070 3176 1127 3225 et
1169 3161 1443 3251 Regnum
1478 3163 1727 3253 Ipsius,
1796 3161 1965 3254 quod
2000 3186 2121 3225 non
2157 3162 2407 3252 peribit,
2462 3161 2617 3225 Dan.
2666 3160 2812 3227 Vll:

714 3265 797 3325 13
864 3263 963 3325 14.
1038 3262 1184 3326 Cum
1226 3267 1510 3355 septimus
1548 3260 1835 3353 Angelus
1874 3261 2143 3336 clanxit‚
2176 3259 2403 3347 factae
2445 3274 2588 3327 sunt
2630 3284 2816 3325 voces

688 3385 970 3451 magnae
1010 3367 1074 3426 in
1120 3362 1355 3437 Caelis,
1411 3359 1872 3450 dicentesfacta
1910 3375 2052 3426 sunt
2079 3362 2295 3452 Regna
2335 3360 2548 3427 mundi
2574 3362 2822 3426 Domini

711 3467 909 3527 nostri
934 3478 991 3527 et
1032 3462 1256 3528 Christi
1282 3465 1522 3556 Ipsius,
1575 3479 1631 3529 et
1674 3463 1945 3553 regnabit
1988 3468 2049 3527 in
2089 3462 2339 3527 saecula
2379 3461 2816 3537 saeculorum,“

707 3558 904 3650 Apoe·
943 3563 1063 3627 XI:
1110 3569 1209 3628 15.
1284 3564 1423 3650 Cap.
1468 3564 1621 3629 XII:
1674 3570 1773 3628 10.
1860 3564 1936 3627 Et
1975 3566 2213 3649 insuper
2260 3563 2640 3627 instruximus
2687 3563 2817 3626 illos

709 3682 783 3724 ex
828 3663 1064 3738 Verbo,
1118 3664 1276 3751 quod
1322 3666 1613 3730 Dominus
1651 3665 1711 3728 in
1755 3665 2045 3729 Mundum
2089 3665 2320 3729 venerit
2363 3685 2482 3728 non
2530 3664 2710 3726 modo
2754 3673 2819 3727 ut

707 3763 1029 3827 redimeret
1073 3764 1333 3849 Angelos
1379 3774 1437 3828 et
1478 3766 1806 3839 Homines,
1858 3766 1959 3829 sed
2005 3764 2182 3828 etiam
2227 3774 2291 3837 ut
2336 3765 2646 3828 unirentur
2687 3762 2817 3826 Deo

705 3863 873 3927 Patri
902 3887 1008 3951 per
1036 3864 1234 3951 Ipsum
1265 3866 1409 3930 etin
1443 3865 1613 3950 Ipso,
1670 3888 1804 3929 nam
1851 3866 2080 3939 docuit,
2138 3866 2295 3950 quod
2342 3865 2441 3950 qui
2486 3864 2731 3928 credunt
2758 3863 2819 3925 in

706 3963 942 4051 Ipsum,
994 3966 1155 4028 sitin
1183 3966 1296 4030 illis
1325 3975 1383 4029 et
1409 3964 1489 4028 illi
1522 3967 1581 4028 in
1610 3966 1780 4052 Ipso,
1834 3965 1972 4029 Joh.
2004 3964 2117 4030 VI:
2162 3969 2265 4029 56.
2324 3965 2464 4050 Cap.
2498 3964 2671 4029 XIV:
2713 3968 2816 4028 20.

708 4063 854 4151 Cap.
900 4065 1041 4130 XV:
1089 4069 1143 4129 4.
1196 4071 1253 4130 5.
1336 4067 1448 4130 His
1500 4067 1744 4142 auditis,
1815 4066 2269 4152 quaesiverunt,
2324 4065 2623 4153 quomodo
2677 4084 2818 4149 ergo

642 4250 661 4258 ,
704 4163 1002 4230 Dominus
1045 4177 1244 4233 vester
1291 4176 1482 4255 potest
1532 4167 1740 4233 vocari
1784 4166 1998 4243 Pater,
2052 4165 2340 4243 diximus,
2391 4187 2465 4229 ex
2507 4164 2620 4229 illis
2666 4182 2817 4248 quae

703 4262 864 4329 lecta
891 4276 1059 4343 sunt,
1112 4280 1169 4333 et
1214 4289 1450 4355 quoque
1486 4289 1560 4332 ‘ex
1600 4267 1691 4333 his
1744 4267 1955 4344 „Puer
1997 4279 2178 4333 natus
2221 4279 2313 4330 est
2355 4264 2566 4338 nobis,
2619 4261 2818 4328 Filius
