3309 4775
790 382 834 433 Ι.
912 382 1140 435 DEUS
1181 381 1621 436 CREATOR.
1680 414 1745 426 -
1809 341 2139 439 UMTAS
2192 386 2359 441 DEI.
2555 402 2623 449 13

539 535 695 624 quod
740 538 959 623 possint
1004 536 1359 623 intelligere,
1415 537 1462 600 si
1497 538 1719 602 volunt.
1803 537 1923 615 Illi,
1969 539 2068 626 qui
2108 549 2449 610 averterunt
2489 564 2550 607 se
2596 566 2630 608 a

417 662 426 669 ·
540 637 857 724 cogitando
897 639 969 700 de
1001 638 1251 713 Divino,
1304 648 1363 701 et
1405 660 1507 725 per
1546 639 1602 701 id
1644 638 1782 703 facti
1824 651 1956 704 sunt
1999 640 2295 706 sensuales
2343 644 2631 729 corporei,

536 760 659 802 uon
688 740 983 824 cogitant,
1028 739 1182 825 quod
1214 741 1368 803 visus
1398 739 1551 801 oculi
1579 749 1698 804 tam
1730 747 1954 805 crassus
1981 749 2039 803 et
2068 742 2383 806 materialis
2421 743 2524 820 sit,
2565 755 2631 809 ut

537 839 707 929 plura
734 840 1016 904 insectula
1044 849 1267 925 spectet
1294 849 1358 903 ut
1387 862 1568 903 unum
1597 841 1932 918 obscurum,
1959 851 2016 905 et
2044 853 2240 906 tamen
2265 846 2635 933 unumquod-

538 941 628 1008 vis
655 943 1059 1025 organizatum
1091 951 1175 1004 est
1207 941 1280 1004 ad
1311 942 1676 1006 sentiendum
1707 952 1763 1008 et
1804 943 1877 1006 ad
1915 965 1977 1008 se
2019 943 2405 1019 movendum,
2450 955 2510 1009 et
2549 945 2631 1011 sic

543 1042 700 1130 quod
735 1044 1061 1127 praeditum
1091 1042 1165 1106 sit
1191 1040 1352 1107 fibris
1379 1053 1436 1106 et
1467 1043 1647 1118 vasis,
1692 1053 1817 1107 tum
1848 1044 2127 1120 corculis,
2178 1043 2381 1110 fistulis
2405 1045 2635 1133 pulmo·

541 1142 718 1217 uiciS,
758 1143 1058 1208 viscerulis
1084 1164 1150 1206 ac
1181 1145 1467 1218 cerebris,
1515 1154 1573 1207 et
1606 1145 1762 1229 quod
1798 1144 1944 1208 baec
1984 1155 2254 1209 contexta
2296 1146 2410 1210 sint
2451 1169 2484 1211 a
2526 1171 2633 1235 pu·

544 1244 786 1309 rissimis
812 1246 872 1307 in
900 1253 1142 1319 natura,
1189 1253 1244 1307 et
1285 1244 1439 1330 quod
1469 1254 1775 1309 contextus
1814 1245 1895 1308 illi
1939 1247 2437 1333 correspondeant
2480 1250 2634 1314 vitae

541 1344 601 1407 in
639 1344 844 1410 ultimo
883 1346 1100 1431 gradu,
1150 1367 1181 1407 e
1212 1366 1325 1431 qua
1357 1344 1738 1409 minutissima
1777 1345 2011 1409 illorum
2052 1346 2318 1411 distincte
2358 1359 2627 1435 aguntur.

543 1445 688 1509 Cum
719 1447 891 1511 Visus
924 1445 1074 1507 oculi
1119 1453 1237 1508 tam
1283 1466 1509 1510 crassus
1549 1454 1664 1523 est,
1713 1455 1775 1509 ut
1815 1445 1983 1531 plura
2023 1467 2154 1510 cum
2192 1447 2635 1513 innumerabili·

538 1545 650 1609 bus
677 1548 735 1608 in
767 1543 1127 1631 unoquovis,
1173 1555 1498 1633 appareant
1525 1547 1576 1609 ei
1607 1546 1756 1614 sicut
1785 1568 2033 1633 parvum
2063 1548 2381 1612 obscurum
2402 1596 2418 1625 ,
2462 1558 2520 1612 et
2545 1559 2637 1615 ta-

536 1666 674 1709 men
701 1646 812 1722 illi,
859 1647 957 1734 qui
990 1646 1284 1710 sensuales
1319 1655 1484 1722 sunt,
1529 1669 1598 1710 ex
1639 1647 1739 1711 illo
1782 1645 1906 1714 visu
1949 1648 2211 1733 cogitant
2252 1658 2309 1712 et
2349 1649 2629 1735 judicant,

540 1756 703 1835 patet
732 1769 908 1835 quam
940 1747 1258 1811 incrassata
1285 1757 1372 1811 est
1397 1748 1566 1813 Mens
1594 1749 1829 1814 illorum
1847 1796 1864 1826 ,
1907 1759 1964 1813 et
1992 1750 2127 1813 inde
2153 1751 2212 1814 in
2240 1769 2358 1838 qua
2387 1751 2630 1839 caligine

539 1857 677 1914 sunt
705 1848 776 1912 de
804 1847 1221 1937 spiritualibus.

695 1950 959 2036 Quisque
996 1972 1066 2013 ex
1097 1948 1420 2014 visibilibus
1451 1949 1508 2012 in
1538 1950 1772 2015 Natura
1804 1958 1992 2039 potest
2029 1972 2090 2016 se
2132 1948 2485 2016 confirmare
2525 1975 2631 2042 pro

543 2051 796 2126 Divino,
838 2052 885 2116 si
916 2050 1069 2126 vult,
1116 2062 1172 2113 et
1202 2072 1434 2137 quoque
1460 2072 1522 2115 se
1549 2049 1888 2128 confirmat,
1935 2054 2032 2140 qui
2077 2053 2148 2117 de
2176 2052 2308 2116 Deo
2347 2061 2407 2116 et
2447 2053 2634 2142 Ipsius

543 2153 985 2239 omnipotentia
1026 2152 1088 2214 in
1127 2152 1384 2216 creando
1412 2152 1799 2228 Universum,
1845 2163 1906 2217 et
1941 2153 2013 2217 de
2055 2152 2239 2242 Ipsius
2279 2153 2633 2242 Omniprae-

543 2254 729 2318 sentia
773 2256 830 2317 in
875 2253 1278 2319 conservando
1325 2251 1498 2327 illud,
1557 2253 1809 2338 cogitat3
1868 2262 1934 2318 ut
1974 2253 2113 2319 dum
2157 2254 2315 2320 videt
2353 2255 2633 2321 Volatilia

541 2354 735 2430 Caeli,
781 2356 936 2443 quod
967 2355 1263 2442 quaelibet
1291 2375 1494 2418 eorum
1523 2354 1744 2440 species
1769 2354 1916 2420 sciat
1954 2376 2057 2421 sua
2092 2354 2398 2433 alimenta,
2443 2366 2501 2421 et
2530 2357 2632 2423 ubi

540 2456 688 2521 haec
714 2467 880 2529 sunt;
916 2465 1232 2543 cognoscat
1262 2477 1332 2520 ex
1358 2478 1503 2520 sono
1532 2467 1589 2519 et
1618 2456 1746 2521 visu
1774 2458 2105 2529 consocios;
2140 2467 2261 2521 tum
2290 2459 2445 2522 inter
2471 2480 2631 2535 aves,

543 2579 836 2645 quaenam
866 2579 1069 2622 earum
1099 2558 1355 2633 amicae,
1395 2568 1454 2621 et
1483 2578 1773 2644 quaenam
1801 2557 2070 2623 inimicae
2094 2568 2227 2623 suut
2246 2607 2263 2635 ,
2311 2559 2469 2644 quod
2497 2580 2637 2624 con-

549 2680 780 2745 gressus
805 2660 914 2724 sub
943 2659 1155 2746 plumis
1179 2660 1387 2734 sciant,
1415 2648 1705 2722 connubia
1735 2659 2001 2745 jungant,
2043 2668 2171 2724 arte
2194 2668 2423 2724 struant
2450 2661 2638 2736 nidos,

544 2759 625 2824 ibi
657 2769 880 2845 ponant
908 2781 1051 2835 ova,
1091 2760 1367 2823 incubent
1396 2759 1526 2834 illis,
1556 2770 1786 2844 tempus
1810 2761 2121 2825 incubatus
2149 2760 2356 2835 sciant,
2396 2782 2514 2848 quo
2540 2783 2639 2826 ex-

540 2870 678 2924 acto
707 2860 1023 2925 excludunt
1051 2861 1268 2948 pull'os,
1314 2881 1460 2944 quos
1489 2860 1804 2924 tenerrime
1833 2870 2066 2937 amant,
2111 2860 2221 2924 sub
2261 2860 2367 2924 alis
2408 2860 2633 2938 fovent,

543 2980 709 3026 escas
737 2961 1077 3049 porrigunt,
1121 2970 1179 3023 et
1207 2960 1402 3036 alunt,
1445 2969 1503 3023 et
1529 2960 1642 3023 hoc
1673 2981 1856 3046 usque
1882 2962 2019 3025 dum
2059 2962 2147 3026 sui
2179 2961 2323 3046 juris
2349 2960 2530 3040 fiunt,
2579 2972 2637 3028 et

543 3061 750 3128 similia
783 3071 1021 3148 possunt
1062 3081 1257 3147 agere.
1339 3060 1547 3125 Omnis
1588 3063 1686 3148 qui
1734 3061 1859 3127 vult
1898 3061 1970 3126 de
2015 3061 2234 3126 Divino
2273 3060 2493 3128 influxu
2533 3085 2638 3152 per
2705 3114 2712 3117 f

544 3164 834 3228 Mundum
863 3162 1225 3249 spiritualem
1255 3164 1313 3225 in
1344 3160 1674 3226 naturalem
1704 3162 1993 3249 cogitare,
2036 3171 2226 3249 potest
2252 3184 2385 3226 eum
2428 3164 2486 3226 in
2525 3165 2637 3230 illis

545 3265 777 3337 videre;
825 3273 1015 3349 potest
1044 3264 1250 3339 etiam,
1291 3261 1338 3327 si
1367 3263 1522 3338 vult,
1564 3262 1742 3327 corde
1768 3285 1876 3328 suo
1904 3263 2132 3340 dicere,
2174 3263 2320 3327 tales
2344 3263 2635 3329 Scientiae

545 3386 668 3430 non
695 3375 934 3454 possunt
971 3366 1082 3429 illis
1114 3365 1238 3427 dari
1280 3385 1351 3427 ex
1389 3364 1527 3428 Sole
1568 3385 1673 3451 per
1718 3365 1843 3450 ejus
1883 3365 2138 3429 calorem
2180 3373 2238 3428 et
2277 3365 2496 3440 lucem,
2551 3375 2639 3430 est

544 3467 701 3531 enim
729 3467 850 3542 Sol,
892 3489 963 3530 ex
991 3489 1110 3552 quo
1138 3465 1369 3530 Natura
1398 3487 1566 3530 suum
1597 3476 1792 3530 ortum
1821 3474 1880 3528 et
1907 3465 2217 3530 essentiam
2248 3464 2425 3541 ducit,
2460 3488 2639 3554 purus

546 3567 737 3654 Ignis,
778 3577 836 3631 et
865 3568 1000 3631 inde
1031 3567 1268 3631 effluxus
1307 3565 1517 3631 caloris
1558 3575 1615 3629 et
1653 3565 1798 3630 lucis
1837 3567 1960 3652 ejus
1999 3587 2239 3653 prorsus
2279 3569 2525 3641 mortui;
2573 3575 2633 3632 et

543 3669 630 3733 sic
666 3678 906 3757 possunt
936 3667 1316 3742 concludere,
1361 3666 1519 3755 quod
1554 3666 1692 3731 talia
1731 3667 1846 3731 sint
1890 3688 1961 3731 ex
2005 3665 2225 3731 influxu
2266 3667 2486 3733 Divino
2532 3688 2639 3754 per

545 3767 834 3835 Mundum
860 3769 1221 3855 spiritualem
1249 3768 1306 3831 in
1340 3767 1541 3832 ultima
1573 3776 1839 3833 naturae.

699 3871 959 3957 Quisque
989 3878 1178 3957 potest
1205 3890 1275 3933 ex
1300 3869 1641 3935 visibilibus
1665 3866 1725 3933 in
1750 3869 1982 3934 Natura
2012 3891 2120 3956 pro
2149 3867 2370 3934 Divino
2406 3890 2469 3934 se
2496 3890 2638 3935 con-

545 3970 817 4047 firmare,
860 3972 998 4034 dum
1027 3970 1186 4035 videt
1211 3970 1486 4046 Vermes,
1531 3970 1630 4057 qui
1672 3991 1743 4034 ex
1779 3967 2040 4057 jucundo
2082 3968 2383 4057 cujusdam
2421 3970 2639 4036 amoris

540 4070 820 4137 affectant
848 4081 906 4137 et
945 4070 1170 4160 spirant
1210 4069 1594 4137 mutationem
1632 4071 1724 4135 sui
1761 4079 1947 4137 status
1987 4071 2281 4137 terrestris
2320 4071 2381 4134 in
2419 4079 2640 4136 statum

541 4173 838 4262 quendam
883 4172 1199 4260 analogum
1249 4181 1436 4238 status
1480 4171 1781 4247 caelestis,
1849 4179 1909 4235 et
1953 4180 2267 4260 propterea
2314 4180 2529 4257 repunt
2572 4170 2637 4232 in

542 4275 692 4353 loca,
735 4273 1105 4363 circumdant
1131 4297 1194 4342 se
1222 4272 1513 4362 tegmine,
1558 4271 1726 4340 etsie
1753 4271 1991 4339 mittunt
2016 4292 2079 4338 se
2104 4272 2168 4337 in
2183 4280 2424 4336 uterum
2451 4278 2520 4333 ut
2544 4287 2639 4332 re-
