3309 4775
769 371 838 421 9ιῖ
997 359 1453 413 UNtvssttSA
1499 359 2034 413 'rquLOGlA
2093 360 2160 415 N.
2204 359 2268 416 C.
2314 359 2418 411 ET
2462 359 2530 412 N.
2575 359 2644 414 E.

770 515 1086 586 librorum;
1142 535 1348 578 verum
1378 513 1576 577 omnia
1606 513 1965 577 concludunt
2001 514 2135 588 hoc,
2176 513 2333 600 quod
2362 513 2525 578 Deus
2551 533 2676 575 non
2707 534 2874 578 crea·

769 616 923 679 verit
963 615 1317 680 Universum
1363 636 1431 678 ex
1475 613 1691 692 nihilo,
1741 615 1911 701 quia,
1969 625 2031 679 ut
2074 614 2329 689 dixistis,
2382 636 2455 678 ex
2494 613 2685 677 nihilo
2735 615 2873 679 nibil

778 712 874 792 fit',
925 716 1026 780 sed
1076 737 1178 802 per
1203 715 1400 780 Solem
1444 716 1589 780 caeli
1632 717 1917 802 angelici,
1968 717 2067 803 qui
2112 726 2198 781 est
2239 735 2308 778 ex
2354 715 2495 780 Esse
2540 715 2774 801 Ipsius,
2822 727 2875 780 et

777 818 911 880 inde
953 837 1131 904 purus
1168 816 1354 882 Amor
1390 838 1506 882 una
1548 839 1680 880 cum
1720 817 2056 903 Sapientia:
2111 816 2267 903 quod
2317 815 2720 891 Universum,
2780 839 2875 904 per

774 919 933 1004 quod
971 918 1316 1004 intelligitur
1344 927 1589 1006 uterque
1624 918 1912 993 Mundus,
1963 917 2294 1005 Spiritualis
2323 927 2380 980 et
2405 916 2764 993 NaturaliS,
2816 940 2877 982 ex

777 1021 995 1085 Divino
1027 1020 1242 1083 Amore
1276 1041 1381 1106 per
1410 1019 1684 1083 Divinam
1713 1019 2072 1106 Sapientiam
2103 1028 2370 1083 creatum
2410 1019 2516 1093 sit,
2570 1019 2787 1083 omnia
2827 1029 2877 1082 et

776 1121 1003 1206 singula
1032 1121 1156 1204 ejus
1183 1129 1471 1184 testantur
1498 1129 1557 1183 et
1586 1129 2020 1197 contestantur,
2070 1131 2127 1184 et
2157 1142 2296 1195 vos,
2347 1119 2394 1185 si
2433 1117 2533 1183 illa
2575 1119 2640 1181 in
2669 1121 2874 1184 ordine

776 1231 834 1283 et
864 1243 1127 1285 connexu
1157 1220 1505 1307 expenditis,
1563 1243 1631 1286 ex
1659 1221 1820 1298 luce,
1874 1223 1932 1285 in
1960 1243 2075 1309 qua
2108 1222 2512 1308 perceptiones
2539 1219 2875 1287 intellectus

779 1324 956 1385 vestri
985 1333 1117 1385 sunt
1137 1370 1153 1396 ,
1190 1324 1429 1408 potestis
1456 1323 1610 1387 clare
1638 1323 1868 1386 videre:
1922 1332 1982 1388 at
2009 1323 2325 1386 tenendum
2353 1331 2458 1397 est,
2500 1322 2667 1408 quod
2695 1320 2876 1388 Amor

780 1432 837 1485 et
876 1422 1208 1507 Sapientia,
1261 1444 1413 1507 quae
1461 1424 1518 1485 in
1561 1424 1691 1488 Deo
1731 1446 1909 1487 uuum
1953 1424 2210 1498 faciunt,
2265 1446 2380 1489 non
2422 1423 2536 1486 sint
2583 1423 2788 1486 Amor
2825 1435 2875 1487 et

779 1523 1074 1611 Sapientia
1105 1525 1161 1586 in
1189 1544 1362 1587 sensu
1394 1524 1725 1598 abstracto,
1778 1525 1876 1588 sed
1924 1526 1983 1588 in
2029 1523 2163 1611 lpso
2210 1535 2271 1589 ut
2307 1524 2691 1602 Substantia,
2748 1546 2874 1589 nam

778 1624 940 1688 Deus
967 1634 1052 1689 est
1081 1624 1231 1711 ipsa,
1280 1625 1447 1688 unica
1479 1637 1534 1688 et
1564 1627 1699 1689 inde
1729 1626 1914 1710 prima
1941 1626 2278 1693 Substantia
2308 1635 2367 1688 et
2391 1624 2688 1700 Essentia,
2731 1648 2876 1711 quae

777 1728 835 1788 in
865 1748 925 1789 se
958 1726 1057 1789 Est
1086 1737 1143 1788 et
1171 1724 1459 1790 Subsistit.
1529 1726 1703 1807 Quod
1734 1727 1931 1791 omnia
1961 1737 2019 1790 et
2047 1726 2276 1814 singula
2307 1748 2376 1791 ex
2402 1726 2626 1790 Divino
2657 1726 2876 1791 Amore

774 1836 836 1891 et
863 1827 1077 1892 Divina
1107 1825 1405 1913 Sapientia
1436 1838 1633 1891 creata
1665 1829 1808 1903 sint,
1861 1827 2205 1913 intelligitur
2246 1849 2350 1914 per
2390 1826 2535 1888 baec
2574 1828 2745 1914 apud
2778 1828 2878 1892 Jo-

777 1928 1034 1992 bannem
1082 1928 1399 2003 „Verbum
1443 1943 1572 1993 erat
1615 1927 1787 2022 apud
1829 1928 2053 2001 Deum,
2106 1943 2163 1995 et
2193 1929 2360 1994 Deus
2403 1941 2531 1992 erat
2575 1925 2877 2006 Verbum,

775 2033 979 2094 omnia
1016 2051 1131 2120 per
1164 2029 1371 2120 Ipsum
1390 2025 1579 2115 fizcta
1616 2045 1787 2104 sunt,
1839 2045 1895 2095 et
1941 2029 2223 2096 Mundus
2253 2053 2367 2122 per
2409 2029 2625 2121 Ipsum
2647 2026 2875 2117 factus

773 2143 864 2193 est
879 2139 936 2205 ,“
989 2129 1128 2213 Cap.
1162 2127 1225 2191 1:
1275 2133 1326 2192 1.
1361 2134 1420 2194 3.
1460 2135 1557 2194 10.
1639 2132 1800 2196 Deus
1830 2131 1905 2193 ibi
1938 2128 2224 2218 significat
2257 2131 2533 2196 Divinum
2563 2127 2876 2207 Amorem,

775 2241 833 2293 et
862 2231 1121 2294 Verbum
1151 2229 1437 2315 significat
1465 2233 1748 2296 Divinum
1776 2233 2019 2308 Verum,
2055 2254 2159 2296 seu
2184 2232 2460 2297 Divinam
2489 2230 2877 2319 Sapientiam,

776 2352 959 2418 quare
993 2331 1248 2395 Verbum
1291 2332 1369 2395 ibi
1398 2334 1729 2421 appellatur
1749 2332 1905 2410 Lux,
1957 2343 2015 2398 et
2044 2355 2148 2422 per
2173 2332 2424 2407 Lucem,
2478 2332 2579 2396 ubi
2613 2333 2692 2398 de
2727 2332 2870 2410 Deo,

773 2434 1114 2518 intelligitur
1141 2433 1355 2497 Divina
1384 2435 1701 2520 Sapientia.
1783 2436 1893 2499 His
1921 2437 2199 2521 peractis,
2254 2456 2386 2497 cum
2420 2433 2552 2497 vale
2588 2434 2870 2511 dicerem,

775 2537 960 2598 micae
989 2535 1131 2598 lucis
1161 2556 1192 2598 e
1217 2534 1354 2599 Sole
1381 2536 1462 2598 ibi
1492 2558 1595 2623 per
1614 2536 1824 2601 Caelos
1853 2535 2149 2623 angelicos
2179 2535 2449 2622 delapsae
2474 2544 2613 2599 sunt
2643 2536 2703 2599 in
2739 2559 2870 2601 ocu·

773 2636 864 2701 los
889 2637 1156 2704 illorum.
1214 2646 1270 2700 et
1303 2658 1404 2723 per
1433 2635 1537 2700 lios
1566 2639 1623 2700 in
1653 2636 1986 2702 habitacula
2030 2638 2236 2702 mentis
2263 2631 2529 2713 illorum,
2579 2647 2644 2700 et
2685 2638 2776 2701 sic
2810 2638 2866 2701 il·

777 2738 1005 2803 lustrati
1034 2738 1205 2802 dictis
1232 2758 1264 2801 a
1297 2760 1387 2801 me
1434 2736 1737 2814 faverunt,
1792 2747 1847 2802 et
1889 2748 2089 2825 postea
2132 2738 2188 2802 in
2229 2739 2442 2801 atrium
2497 2759 2590 2801 me
2641 2740 2871 2825 sequuti

768 2851 934 2915 sunt,
988 2849 1045 2902 et
1076 2839 1237 2927 prior
1263 2860 1462 2903 comes
1489 2840 1561 2902 ad
1592 2839 1828 2905 domum
1862 2839 1959 2903 ubi
2000 2860 2193 2913 eram,
2245 2848 2301 2902 et
2342 2837 2552 2902 abinde
2578 2839 2644 2901 in
2671 2839 2868 2905 Socie-

771 2950 951 3005 tatem
981 2962 1144 3004 suam
1175 2940 1517 3005 reascendit.

924 3046 1025 3104 77.
1080 3042 1431 3107 SECUNDUM
1471 3043 1919 3107 ΜΕΜΟΒΑΒιιι-ῐ.
1995 3040 2269 3119 Quodam
2314 3061 2513 3115 mane,
2566 3062 2703 3104 cum
2751 3042 2870 3105 evi·

771 3140 983 3224 gilatus
1010 3162 1040 3202 e
1069 3162 1308 3217 somno,
1361 3144 1419 3205 in
1468 3143 1593 3205 luce
1627 3144 1910 3206 matutina
1954 3151 2012 3205 et
2049 3163 2252 3207 serena
2288 3151 2423 3206 ante
2452 3142 2683 3227 plenam
2717 3143 2870 3228 vigi·

768 3240 904 3304 liam
955 3241 1269 3317 meditans,
1324 3242 1442 3305 vidi
1487 3253 1648 3306 trans
1693 3242 2010 3307 fenestram
2056 3246 2206 3308 sicut
2252 3242 2451 3329 fulgur
2494 3243 2764 3318 micans,
2818 3253 2873 3308 et

770 3361 905 3406 mox
936 3342 1131 3404 audivi
1158 3342 1308 3405 sicut
1336 3344 1560 3405 tonitru
1589 3363 1865 3429 crepans;
1921 3366 2049 3407 cum
2085 3345 2327 3409 miratus
2365 3367 2490 3410 sum
2534 3345 2689 3408 unde
2735 3343 2874 3420 hoc,

769 3442 970 3506 audivi
999 3465 1028 3503 e
1062 3441 1241 3505 Caelo
1264 3491 1277 3515 ‚
1333 3443 1490 3527 quod
1518 3443 1628 3505 sint
1658 3443 1837 3529 aliqui
1868 3465 1985 3508 non
2028 3446 2232 3533 procul
2259 3466 2291 3508 a
2326 3466 2451 3521 me,
2504 3446 2602 3530 qui
2650 3446 2874 3510 acriter

770 3542 1197 3606 ratiocinantur
1224 3542 1296 3605 de
1331 3543 1465 3606 Deo
1493 3563 1574 3608 ET
1599 3542 1904 3620 NATURA,
1955 3555 2014 3609 et
2041 3546 2197 3633 quod
2229 3547 2483 3612 vibratio
2524 3545 2670 3610 lucis
2713 3556 2874 3613 sicut

766 3641 1045 3727 fulguris»,
1097 3652 1155 3706 et
1183 3664 1396 3728 crepor
1425 3644 1574 3707 aeris
1599 3646 1746 3709 sicut
1776 3646 2031 3724 tonitru,
2084 3657 2274 3711 essent
2304 3646 2871 3732 correspondentiae

766 3757 825 3806 et
868 3743 1004 3806 inde
1048 3743 1425 3830 apparentiae
1469 3766 1696 3833 pugnae
1747 3756 1806 3810 et
1850 3748 2163 3812 collisionis
2208 3758 2733 3833 argumentorum,
2797 3749 2870 3813 ab

772 3865 885 3907 una
917 3852 1082 3930 parte
1110 3867 1218 3932 pro
1248 3845 1407 3919 Deo,
1463 3856 1519 3911 et
1561 3849 1636 3912 ab
1669 3849 1852 3914 altera
1895 3871 2002 3937 pro
2043 3848 2307 3912 Natura:
2364 3848 2712 3937 principium
2760 3847 2873 3913 ho-

766 3945 856 4031 jus
881 3944 1451 4036 spiritualispugnae
1481 3947 1588 4012 suit
1614 3949 1758 4014 hoc:
1812 3960 1983 4015 erant
2010 3949 2187 4036 aliqui
2214 3948 2471 4014 Satanae
2510 3949 2567 4012 in
2596 3947 2868 4025 biferno,

768 4047 867 4133 qui
897 4045 1168 4111 dixerunt
1198 4048 1352 4113 inter
1384 4070 1473 4125 se,
1527 4050 1748 4113 utinam
1788 4052 1993 4115 liceret
2034 4051 2203 4114 nobis
2246 4073 2378 4115 cum
2420 4050 2661 4136 Angelis
2701 4050 2867 4115 Caeli

768 4147 958 4234 loqui,
1015 4170 1084 4211 ac
1129 4172 1366 4236 prorsus
1402 4159 1460 4212 et
1499 4151 1665 4235 plene
1696 4151 2258 4226 demonstrabimus,
2311 4152 2469 4238 quod
2512 4150 2751 4215 Natura
2797 4153 2869 4217 sit

773 4267 948 4333 quam
978 4259 1192 4314 vocant
1220 4251 1413 4315 Deum
1449 4270 1482 4312 a
1522 4271 1638 4336 quo
1681 4250 1910 4324 omnia,
1961 4250 2039 4313 ita
2081 4261 2143 4313 ut
2188 4250 2351 4316 Deus
2388 4253 2462 4316 sit
2507 4251 2685 4315 modo
2730 4274 2868 4326 vox,
