3309 4775
1093 343 1157 387 Μ’.
1315 329 1768 383 UNIVERSA
1817 330 2350 386 'rutssoLOGlA
2393 332 2461 388 N.
2508 333 2572 388 C.
2615 331 2722 382 ΕΤ
2763 331 2832 386 Ν.
2875 332 2937 382 E.

1089 487 1241 559 rita,
1286 483 1358 548 de
1386 484 1712 571 sapientia,
1754 486 1828 547 de
1868 483 2307 560 affectionibus,
2366 487 2437 550 de
2477 486 2737 571 gaudiis,
2781 486 2840 549 in
2870 507 3087 571 genere
3122 487 3196 550 de

1089 591 1245 651 ,buno
1273 595 1332 648 et
1362 604 1534 657 vero;
1584 586 1717 648 idea
1758 607 1895 651 vere
1919 587 2252 672 Spiritualis
2279 589 2351 649 de
2379 588 2492 653 inis
2520 609 2638 651 non
2669 608 2978 652 commune
3004 587 3192 651 habet

1093 711 1229 751 curn
1257 685 1495 773 Spatio,
1536 694 1622 750 est
1647 687 1948 776 superior,
1995 699 2052 752 et
2079 700 2301 776 spectat
2334 691 2493 754 ideas
2517 689 2701 777 Spatii
2742 687 2852 751 sub
2890 710 2985 764 se,
3037 690 3193 752 sicut

1093 787 1315 851 caelum
1343 795 1569 874 spectat
1599 796 1839 851 terram.
1895 788 2072 868 Quod
2105 790 2267 855 Deus
2300 813 2575 876 praesens
2616 793 2687 855 sit
2729 790 2786 852 in
2817 789 3021 876 Spatio
3052 791 3192 853 abs-

1093 911 1209 975 que
1237 889 1460 976 spatio,
1510 898 1570 951 et
1606 888 1666 952 in
1709 889 2007 976 Tempore
2050 892 2275 979 absque
2315 903 2614 978 tempore,
2655 900 2740 956 est
2785 912 2993 967 causa,
3046 891 3189 976 quia

1089 991 1254 1055 Deus
1289 998 1374 1053 est
1404 1008 1634 1077 semper
1660 992 1848 1065 idem,
1888 993 1964 1056 ab
1994 1002 2237 1058 aeterno
2263 993 2323 1056 in
2353 1005 2657 1057 aeternum
2676 1040 2694 1069 ,
2726 993 2805 1055 ita
2834 992 3024 1077 qualis
3049 1002 3194 1055 ante

1089 1090 1378 1155 Mundum
1410 1100 1704 1166 creatum,
1761 1093 1890 1156 talis
1933 1105 2058 1180 post
2103 1094 2297 1169 iilum,
2341 1104 2399 1157 et
2440 1095 2499 1157 in
2545 1094 2671 1158 Deo
2710 1101 2770 1155 et
2808 1114 3011 1168 coram
3054 1093 3192 1157 Deo

1089 1203 1229 1255 aute
1256 1191 1615 1256 creationem
1643 1215 1759 1254 non
1792 1192 2026 1257 fuerunt
2055 1196 2241 1282 spatia
2274 1206 2328 1258 et
2358 1206 2623 1283 tempora
2643 1245 2658 1272 ,
2698 1194 2798 1258 sed
2829 1204 2955 1278 post
2990 1193 3191 1261 illatum

1089 1315 1276 1379 quare
1307 1291 1445 1377 quia
1474 1303 1559 1356 est
1588 1293 1786 1368 Idem,
1833 1304 1918 1357 est
1960 1296 2017 1357 in
2046 1296 2248 1383 Spatio
2288 1299 2509 1383 absque
2550 1298 2776 1383 spatio,
2824 1304 2880 1358 et
2921 1296 2975 1355 in
3006 1295 3197 1357 Tem-

1089 1415 1233 1479 pore
1266 1394 1490 1478 absque
1520 1405 1813 1482 tempure-r
1861 1397 1994 1459 inde
2024 1400 2319 1483 sequitur.
2368 1398 2522 1483 qnod
2558 1409 2772 1461 natura
2812 1404 3079 1483 separata
3114 1397 3195 1459 sit

1089 1495 1177 1559 ui!
1197 1495 1362 1579 Ipso,
1407 1504 1463 1557 et
1493 1504 1688 1558 tamen
1719 1497 1776 1559 in
1809 1497 1905 1561 ina
1934 1498 2375 1584 omnipraesens
2403 1503 2504 1570 sit;
2547 1501 2640 1561 vix
2669 1498 2843 1563 aliter
2868 1516 3043 1583 quam
3074 1496 3196 1560 sic·

1093 1607 1149 1659 ut
1185 1599 1301 1659 vita
1330 1595 1390 1657 in
1419 1597 1578 1659 omni
1619 1599 1989 1664 substantiali
2031 1608 2086 1661 et
2127 1600 2414 1665 materiati
2456 1599 2740 1674 hominis,
2794 1599 3022 1660 tametsi
3066 1618 3194 1660 non

1085 1719 1217 1763 curu
1250 1695 1362 1761 illis
1387 1720 1450 1761 se
1479 1699 1846 1769 commiscet;
1895 1703 2301 1786 comparative
2340 1703 2489 1766 sicut
2527 1702 2621 1763 tux
2651 1702 2707 1764 in
2737 1698 2958 1770 oculis,
3001 1721 3194 1762 sonus

1089 1803 1145 1859 iu
1177 1798 1452 1873 auribus,
1491 1809 1700 1885 gustus
1726 1802 1783 1863 in
1814 1800 2045 1887 linguis,
2090 1812 2194 1866 aut
2216 1804 2362 1867 sicut
2393 1802 2604 1866 aether
2627 1804 2687 1866 in
2717 1802 2888 1865 terris
2912 1810 2972 1863 ct
2995 1800 3196 1888 aquis,

1089 1919 1391 1987 perquem
1424 1900 1603 1966 Orbis
1630 1914 1980 1987 terraqueus
2019 1905 2356 1968 continetur
2396 1915 2454 1967 et
2496 1904 2946 1988 circumagitur,
3001 1911 3060 1962 et
3098 1901 3190 1964 sic

1089 2023 1292 2087 [ωιτος
1337 2021 1491 2085 quae
1518 2002 1770 2090 Agentia
1809 2005 1855 2067 si
1890 2004 2298 2082 auferrentur,
2339 2006 2728 2070 substantiata
2771 2013 2827 2067 et
2871 2006 3189 2065 materiata

1085 2103 1181 2163 itta
1217 2111 1511 2166 momento
1542 2105 1919 2169 conciderent
1951 2116 2048 2168 aut
2079 2106 2510 2177 dilaberentur;
2558 2108 2675 2171 imo
2703 2106 2875 2168 Mens
2902 2100 3189 2178 humana,

1089 2207 1133 2263 :zi
1165 2203 1324 2267 Deus
1349 2225 1470 2267 non
1501 2204 1556 2266 in
1584 2204 1683 2269 ilia
1713 2206 1904 2271 ubivis
1933 2217 1990 2270 et
2020 2208 2179 2271 omni
2222 2218 2486 2296 tempore
2526 2228 2803 2296 praesens
2843 2214 3022 2279 esset,
3072 2205 3187 2267 dis-

1089 2303 1294 2368 flucret
1322 2303 1473 2368 sicut
1513 2306 1672 2370 bulla
1713 2307 1769 2370 in
1814 2314 2046 2382 aerem,
2095 2330 2166 2373 ac
2204 2320 2518 2398 utrumque
2551 2308 2905 2383 Cerebrurn,
2954 2305 3009 2368 in
3055 2306 3183 2392 qui—

1089 2408 1197 2468 hus
1237 2427 1309 2470 ex
1348 2408 1644 2493 principiis
1672 2410 1823 2494 agit,
1871 2411 1929 2472 in
1959 2433 2225 2497 spumam
2274 2413 2495 2484 abiret,
2542 2421 2599 2475 et
2636 2413 2719 2475 sic
2760 2431 2933 2474 omne
2975 2408 3185 2472 huma·

1089 2528 1225 2568 num
1254 2506 1421 2572 fieret
1449 2509 1639 2594 pulvis
1670 2521 1860 2574 terrae
1882 2562 1896 2586 ,
1946 2524 2002 2574 et
2033 2513 2182 2577 odor
2211 2514 2414 2578 voians
2443 2514 2501 2575 in
2529 2511 2959 2599 atmosphaera.
3017 2507 3182 2587 Quo-

1085 2612 1241 2672 niam
1271 2608 1432 2674 Deus
1458 2609 1516 2672 in
1547 2612 1707 2674 omni
1741 2622 2005 2698 tempore
2036 2623 2120 2678 est
2147 2614 2369 2700 absque
2396 2625 2689 2700 tempore,
2731 2614 2863 2675 ideo
2891 2614 2947 2673 in
2980 2611 3182 2674 Verbo

1081 2735 1189 2772 suu
1233 2712 1303 2776 de
1331 2713 1650 2798 praeterito
1694 2722 1751 2775 et
1792 2715 1863 2775 de
1902 2713 2103 2778 futuro
2147 2716 2410 2799 loquitur
2450 2717 2508 2778 in
2553 2714 2878 2801 praesenti,
2920 2723 2983 2775 ut
3025 2714 3181 2798 apud

1089 2812 1221 2896 1¹:531*
1229 2835 1318 2876 am
1363 2813 1576 2888 „Puer
1599 2829 1780 2879 nutus
1805 2829 1893 2878 est
1922 2817 2126 2891 nohis,
2168 2815 2374 2881 Filius
2398 2815 2582 2882 datus
2607 2830 2725 2891 est,
2764 2817 2940 2901 cujus
2967 2837 3184 2877 nomeu

1081 2928 1201 2988 est,
1245 2914 1477 2987 Hero-5,
1525 2916 1821 3008 Princeps
1853 2921 2063 3009 pacis,
2108 2919 2245 3006 Cap.
2297 2917 2411 2982 lx:
2462 2923 2517 2981 5.
2563 2927 2620 2981 et
2667 2917 2819 3004 apud
2867 2913 3183 2988 Davidem,

1089 3016 1488 3081 „annuntiabo
1517 3015 1593 3078 de
1613 3030 1867 3091 statum,
1898 3017 2174 3084 Jehovah
2203 3019 2365 3085 dia-it
2391 3019 2480 3085 ad
2506 3044 2615 3094 me,
2642 3016 2842 3082 Filius
2870 3040 3036 3080 meus
3072 3017 3133 3080 T
3127 3041 3186 3089 υ,

1097 3112 1291 3178 Hodie
1313 3119 1499 3204 genui
1525 3125 1635 3189 1e‚“
1665 3118 1859 3182 Psalm
1893 3119 1982 3182 11:
2014 3125 2070 3184 7.
2104 3121 2249 3183 baec
2280 3122 2349 3183 de
2380 3122 2637 3186 Domino
2668 3129 2947 3182 venturo:
2994 3138 3185 3203 quare

1085 3216 1256 3276 etiam
1299 3216 1514 3278 dicitur
1559 3219 1711 3302 apud
1755 3219 2021 3281 Eundem
2062 3219 2285 3296 „Mille
2328 3225 2482 3287 anni
2518 3226 2580 3285 in
2620 3218 2815 3284 oculis
2868 3222 2987 3283 tuis
3023 3220 3185 3281 sicut

1085 3316 1213 3380 dies
1259 3315 1611 3381 hesternus“
1675 3318 1869 3381 l'salm
1922 3321 2057 3384 XC:
2107 3328 2162 3384 4.
2236 3322 2410 3402 Quod
2453 3323 2643 3388 ubivis
2680 3322 2753 3385 sit
2795 3340 3071 3407 praesens
3120 3318 3180 3379 in

1089 3416 1378 3482 Universa
1408 3418 1669 3492 Mundo,
1713 3431 1767 3481 et
1800 3429 1997 3484 tamen
2027 3443 2144 3485 non
2186 3422 2401 3508 aliquid
2433 3425 2639 3487 Mundi
2667 3424 2965 3508 proprium
2995 3422 3055 3482 in
3088 3419 3185 3504 lp-

1081 3540 1166 3592 ω,
1205 3520 1319 3582 hoc
1345 3528 1463 3594 est,
1512 3531 1630 3581 n'on
1664 3520 1882 3605 aliquid
1902 3570 1918 3595 ,
1960 3524 2117 3608 quod
2144 3524 2313 3611 spatii
2343 3533 2400 3586 et
2430 3525 2711 3612 temporis
2740 3534 2823 3586 est
2844 3572 2859 3597 ,
2897 3545 2969 3585 ex
2999 3523 3183 3608 pluri-

1085 3618 1189 3684 hus
1217 3618 1343 3684 aliis
1384 3619 1527 3685 locis
1556 3642 1588 3682 a
1627 3621 1959 3686 videntibus
1996 3633 2054 3686 et
2096 3625 2474 3711 vigilantibus
2502 3627 2558 3688 in
2590 3625 2789 3690 Verbo
2826 3633 3013 3710 potest
3042 3647 3183 3710 per-

1077 3720 1247 3804 spici,
1294 3731 1356 3785 ut
1388 3742 1458 3783 ex
1499 3720 1612 3783 hoc
1640 3723 1794 3808 apud
1834 3724 2193 3800 Jeremiam,
2235 3727 2482 3792 Numne
2519 3727 2690 3791 Deus
2732 3728 2791 3788 in
2825 3729 3182 3817 propinquo

1077 3820 1244 3908 Egra,
1284 3835 1340 3887 et
1367 3847 1492 3885 non
1519 3822 1690 3886 Deus
1715 3847 1749 3886 e
1774 3822 2103 3918 longinquo
2112 3857 2136 3903 ,ε
2180 3853 2321 3891 teum
2362 3826 2762 3894 occultabitur
2796 3831 2890 3890 vir
2926 3831 2987 3890 in
3033 3824 3178 3890 lati-

1077 3920 1237 3988 ὑμὲἱε
1272 3937 1336 3987 ut
1373 3923 1513 4012 Ego
1552 3947 1675 3988 non
1714 3923 1988 4002 videam,
2052 3952 2224 3994 omne
2266 3926 2513 3996 Caelum
2550 3943 2607 3994 et
2648 3951 2877 3994 onmem
2924 3928 3177 3993 Terram

1073 4024 1209 4112 Ego
1245 4022 1480 4116 impleo,
1527 4024 1667 4111 Cap.
1701 4026 1939 4091 XXIII:
1990 4033 2092 4092 23.
2136 4033 2244 4094 24.

1225 4129 1326 4190 31.
1407 4125 1507 4190 IV.
1575 4125 1768 4206 Quor>
1825 4129 2143 4195 Inmm‘rss
2196 4129 2319 4195 Dm
2374 4151 2746 4196 mrncrrvt
2800 4151 2884 4193 An
2941 4129 3173 4194 SPA‘rrA

1078 4244 1352 4292 usufrun
1397 4227 1820 4304 lumnsms,
1879 4249 1956 4294 Εἰ·
2010 4251 2384 4297 ῃΕεΡΕετινε
2425 4253 2510 4296 AD
2554 4251 2850 4296 TEMPORA
2895 4243 3178 4294 mentm
