3309 4775
762 394 808 449 l.
893 394 1120 447 DEUS
1163 393 1611 452 CREATOR.
1658 423 1722 434 --
1783 395 1934 446 DEI
1977 394 2436 448 ESSENTlA.
2574 407 2644 453 55

545 548 656 613 sibi
685 547 1031 637 persuadet,
1083 555 1311 611 tantum
1341 556 1597 612 mentem
1630 570 1796 612 suam
1826 570 1859 611 e
1887 547 2064 611 Caelo
2095 548 2153 610 in
2182 556 2400 612 terram
2427 546 2641 633 dejicit,

545 660 605 713 et
643 671 677 713 a
718 647 1009 735 spirituali
1050 646 1114 711 fit
1156 648 1469 724 naturalis,
1523 649 1834 725 sensualis,
1889 660 1947 712 et
1988 670 2337 737 corporeus,
2389 648 2642 714 occludit

545 752 700 814 enim
730 750 1062 837 superiores
1086 750 1360 836 regiones
1384 750 1600 816 Mentis
1626 772 1799 826 suae,
1854 751 2005 814 unde
2034 750 2231 836 quoad
2259 752 2455 815 omnia
2485 771 2636 837 quae

546 852 688 927 Dei,
737 871 890 938 quae
919 849 1115 925 Caeli,
1169 860 1229 915 et
1270 871 1422 937 quae
1456 851 1753 917 Ecclesiae
1793 862 1963 927 sunt,
2017 850 2080 914 fit
2121 872 2359 927 caecus,
2411 861 2470 916 et
2503 860 2644 917 tunc

550 974 756 1027 omne,
811 950 970 1036 quod
1015 950 1088 1015 de
1129 951 1241 1016 illis
1279 951 1434 1015 sorte
1475 953 1734 1038 cogitat,
1786 953 2207 1027 ratiocinatur,
2258 960 2316 1015 et
2361 952 2639 1038 loquitur.

551 1053 615 1116 fit
641 1054 699 1116 in
729 1053 1030 1128 fatuitate,
1068 1052 1204 1139 quia
1231 1051 1291 1115 in
1321 1052 1609 1128 tenebris,
1653 1063 1712 1117 et
1740 1061 1880 1117 tunc
1906 1052 2076 1117 simul
2106 1052 2347 1118 attrahit
2374 1051 2643 1118 fiduciam

557 1155 713 1242 quod
739 1155 835 1217 illa
862 1154 976 1217 sint
1001 1153 1353 1238 sapientiam
1407 1153 1657 1218 occlusis
1682 1155 1835 1217 enim
1869 1155 2209 1241 regionibus
2236 1154 2446 1219 mentis
2475 1176 2646 1242 supe-

555 1255 844 1329 rioribus,
896 1256 998 1318 ubi
1039 1255 1134 1318 lux
1180 1256 1335 1319 vitae
1380 1276 1519 1319 vera
1570 1254 1831 1322 habitat.
1900 1256 2084 1344 aperit
2128 1276 2190 1317 se
2231 1255 2395 1342 regio
2436 1258 2648 1320 mentis

554 1356 704 1419 infra
734 1354 892 1430 illas,
934 1356 992 1418 in
1022 1376 1195 1441 quam
1228 1356 1403 1419 modo
1443 1357 1639 1419 lumen
1671 1357 1879 1422 Mundi
1920 1356 2278 1428 admittitur,
2330 1364 2388 1419 et
2416 1356 2531 1421 hoc
2559 1357 2646 1420 ln-

551 1478 685 1520 men
712 1464 1048 1541 separatum
1080 1478 1113 1519 a
1146 1456 1270 1519 luce
1303 1459 1705 1541 superiorum,
1757 1469 1844 1521 est
1883 1459 2079 1521 lumen
2119 1456 2380 1533 fatuum,
2422 1458 2484 1520 in
2523 1481 2642 1543 quo

549 1556 692 1621 falsa
723 1566 1011 1642 apparent
1048 1558 1196 1621 sicut
1238 1578 1413 1633 vera,
1465 1567 1524 1621 et
1561 1578 1702 1621 vera
1746 1559 1895 1621 sicut
1934 1557 2110 1632 falsa,
2163 1579 2234 1621 ac
2272 1558 2642 1623 ratiocinatio

545 1680 617 1721 ex
646 1656 805 1722 falsis
832 1657 981 1722 sicut
1007 1658 1324 1743 sapientia,
1376 1668 1435 1721 et
1475 1679 1546 1722 ex
1578 1660 1735 1724 veris
1771 1663 1920 1725 sicut
1961 1660 2219 1732 insania,
2265 1668 2323 1722 et
2361 1668 2505 1724 tunc
2543 1660 2641 1724 ille

547 1761 732 1822 credit
757 1780 819 1821 se
846 1759 972 1822 acie
1001 1759 1234 1846 aquilae
1265 1760 1484 1845 pollere
1503 1807 1520 1835 ‚
1567 1763 1799 1823 tametsi
1829 1760 1925 1824 illa
1956 1781 2108 1845 quae
2137 1759 2461 1845 sapientiae
2485 1772 2642 1837 sunt,

547 1882 665 1924 non
697 1859 823 1947 plus
853 1860 1012 1924 videt
1041 1883 1214 1947 quam
1248 1861 1581 1947 vespertilio
1609 1862 1670 1923 in
1698 1862 1828 1924 luce
1858 1862 2086 1925 diurna.
2509 1882 2521 1888 ·

701 1968 733 2023 4
750 1965 803 2023 1.
845 1959 947 2026 lv.
979 1963 1168 2042 Quon
1193 1962 1386 2026 Aaron
1410 1982 1487 2026 m·
1512 1961 1849 2026 Samen-ris
1878 1983 1944 2027 in
1973 1962 2111 2026 Dm
2143 1982 2327 2027 unum
2351 1982 2636 2027 facum.

550 2062 758 2127 Omnis
784 2062 1030 2149 Sapiens
1057 2062 1113 2125 in
1142 2063 1402 2127 Ecclesia
1433 2064 1632 2137 novit,
1681 2063 1841 2149 quod
1882 2085 2056 2126 omne
2087 2063 2304 2126 bonum
2335 2064 2554 2129 amoris
2583 2073 2641 2128 et

549 2162 851 2227 charitatis
875 2164 1009 2227 sita
1033 2164 1193 2239 Deo,
1248 2163 1511 2227 similiter
1549 2185 1723 2227 omne
1768 2185 1968 2228 verum
2009 2164 2326 2252 sapientiae
2366 2174 2426 2229 et
2466 2163 2635 2239 fidei;

547 2267 703 2351 quod
735 2267 813 2327 ita
842 2265 949 2338 sit,
980 2266 1158 2331 Ratio
1188 2263 1442 2328 humana
1472 2265 1647 2329 etiam
1680 2265 1881 2330 videre
1912 2275 2118 2352 potest,
2166 2265 2483 2329 dummodo
2510 2267 2638 2344 scit,

549 2366 705 2453 quod
738 2367 905 2453 origo
933 2368 1150 2431 amoris
1176 2376 1234 2430 et
1260 2365 1583 2454 sapientiae
1610 2367 1685 2431 sit
1713 2390 1743 2430 e
1770 2366 1907 2432 Sole
1938 2367 2145 2432 Mundi
2185 2366 2531 2455 spiritualis,
2575 2366 2634 2431 in

549 2469 713 2553 cujus
739 2467 930 2531 medin
961 2479 1045 2532 est
1072 2468 1110 2531 J
1119 2466 1350 2533 ehovah
1382 2467 1542 2533 Deus
1562 2517 1577 2544 ,
1630 2491 1735 2532 seu
1764 2469 1920 2555 quod
1958 2469 2109 2531 idem
2148 2478 2265 2544 est,
2315 2468 2473 2555 quod
2502 2468 2576 2532 sit
2601 2491 2637 2532 a

542 2568 822 2632 Jehovah
861 2568 990 2632 Deo
1033 2588 1137 2653 per
1173 2568 1400 2644 Solem,
1435 2571 1554 2656 ·qui
1602 2570 1821 2633 circum
1870 2569 2024 2632 circa
2066 2569 2237 2633 Illum
2280 2579 2400 2642 est;
2456 2568 2636 2633 Calor

547 2669 704 2731 enim
736 2671 1055 2756 procedens
1083 2692 1114 2732 e
1138 2670 1273 2734 Sole
1301 2670 1401 2734 illo
1429 2671 1487 2732 in
1516 2670 1765 2734 essentia
1794 2692 1899 2734 sna
1928 2679 2014 2734 est
2043 2690 2229 2743 amor,
2261 2679 2321 2732 et
2348 2670 2477 2732 Lux
2505 2669 2638 2732 inde

551 2771 875 2856 procedens
902 2770 959 2832 in
989 2772 1234 2833 essentia
1264 2794 1366 2833 sua
1397 2781 1483 2834 est
1510 2772 1831 2854 sapientia;
1883 2769 2018 2833 inde
2048 2780 2111 2833 ut
2139 2771 2199 2832 in
2228 2770 2386 2834 clara
2417 2770 2508 2835 die
2539 2792 2640 2859 pa-

546 2880 665 2945 tet,
720 2872 877 2956 quod
909 2892 1077 2934 amor
1104 2879 1161 2932 et
1187 2873 1474 2957 sapientia
1500 2872 1559 2933 in
1588 2871 1686 2934 illa
1717 2872 1942 2957 origine
1973 2893 2150 2934 unum
2192 2871 2339 2947 sint,
2392 2872 2636 2959 proinde

546 2971 608 3034 in
635 2972 801 3045 Deo,
850 2993 919 3033 ex
947 2973 1081 3052 Quo
1108 2974 1275 3055 origo
1305 2972 1458 3035 illius
1483 2970 1651 3035 Solis.
1732 2971 2019 3036 Illustrari
2061 2973 2233 3036 etiam
2276 2971 2391 3035 hoc
2428 2981 2637 3060 potest,

544 3093 617 3135 ex
642 3073 779 3137 Sole
807 3073 1013 3139 Mundi
1057 3071 1372 3146 naturalis,
1424 3075 1522 3158 qui
1564 3081 1652 3137 est
1699 3094 1879 3158 purus
1916 3072 2101 3157 Ignis,
2156 3071 2314 3159 quod
2351 3093 2423 3137 ex
2459 3074 2635 3160 igneo

545 3172 672 3255 ejus
703 3174 984 3261 procedat
1021 3174 1214 3248 calor,
1268 3184 1326 3237 et
1355 3173 1511 3260 quod
1540 3194 1610 3235 ex
1649 3173 1960 3258 splendore
1998 3175 2154 3260 ignei
2194 3174 2318 3260 ejus
2355 3174 2638 3263 procedat

545 3274 673 3349 lux,
727 3285 784 3338 et
810 3276 893 3338 sic
921 3276 1077 3361 quod
1110 3284 1425 3359 utrumque
1455 3276 1512 3337 in
1543 3276 1771 3358 origine
1799 3295 1903 3338 sua
1935 3297 2112 3339 unum
2158 3275 2246 3339 sit.
2318 3276 2493 3359 Quod
2533 3297 2636 3341 au-

536 3380 664 3438 'tem
706 3376 770 3448 in.
809 3375 1182 3462 procedendo
1223 3375 1590 3450 dividantur,
1645 3385 1878 3440 constat
1914 3398 1985 3439 ex
2025 3376 2331 3459 subjectis,
2383 3398 2634 3463 quorum

545 3476 742 3562 aliqua
777 3477 904 3564 plus
931 3477 1174 3551 caloris,
1225 3484 1282 3539 et
1320 3478 1514 3563 aliqua
1558 3478 1687 3564 ptus
1726 3475 1870 3540 lucis
1914 3479 2233 3565 recipiunt;
2285 3476 2401 3541 hoc
2439 3478 2637 3565 impri-

543 3578 654 3641 mis
680 3575 746 3640 fit
774 3579 925 3664 apud
955 3577 1255 3649 homines;
1306 3578 1364 3640 in
1404 3576 1494 3642 his
1518 3579 1646 3641 Lux
1675 3578 1862 3653 vitae,
1914 3599 2067 3663 quae
2106 3588 2194 3641 est
2232 3578 2638 3665 intelligentia,

545 3687 607 3740 et
635 3678 797 3743 calor
826 3679 980 3743 vitae
1007 3679 1109 3764 qui
1135 3688 1223 3743 est
1249 3699 1446 3753 amor,
1487 3677 1857 3750 dividuntur;
1890 3680 2047 3767 quod
2078 3677 2142 3741 fit
2170 3700 2242 3742 ex
2270 3700 2465 3754 causa,
2499 3679 2638 3766 quia

541 3776 1161 3861 homo-reformandus
1187 3788 1244 3843 et
1272 3780 1709 3864 regenerandus
1740 3788 1858 3855 est,
1888 3789 1945 3842 et
1980 3779 2095 3844 hoc
2122 3802 2239 3844 non
2270 3778 2395 3844 fieri
2426 3788 2634 3866 potest,

539 3878 652 3943 nisi
683 3878 811 3942 Lux
844 3880 1034 3956 vitae,
1087 3901 1237 3967 quae
1279 3889 1367 3943 est
1406 3879 1828 3966 Intelligentia,
1881 3881 2092 3944 doceat
2136 3880 2276 3967 quid
2318 3880 2633 3947 volendum

536 3989 599 4043 et
645 3980 964 4045 amandum
1009 3991 1132 4046 est:
1182 3980 1483 4046 sciendum
1530 3990 1730 4045 tamen
1775 3991 1897 4057 est,
1950 3981 2110 4067 quod
2154 3982 2314 4046 Deus
2357 3983 2637 4046 continue

532 4089 822 4167 operetur
862 4081 1339 4168 conjunctionem
1382 4082 1602 4147 amoris
1648 4091 1709 4146 et
1754 4081 2076 4171 sapientiae
2114 4082 2267 4171 apud
2315 4081 2636 4155 hominem,

529 4182 638 4247 sed
665 4182 822 4270 quod
853 4182 1035 4248 homo
1062 4182 1173 4247 nisi
1199 4192 1422 4272 spectet
1450 4182 1526 4249 ad
1555 4183 1749 4248 Deum
1776 4230 1793 4259 ‚
1830 4193 1890 4248 et
1917 4183 2119 4249 credat
2145 4185 2205 4248 in
2232 4182 2449 4269 Ipsum,
2497 4202 2637 4245 con-

528 4282 697 4349 tinue
736 4294 1018 4376 operetur
1070 4283 1450 4362 divisionem
1505 4304 1693 4372 quare
1737 4292 2025 4370 quantum
2069 4283 2187 4348 duo
2232 4281 2361 4353 illa,
2414 4280 2631 4353 bonurn
