3309 4775
616 478 722 528 170
841 465 1302 520 UN1x1EnsA
1348 458 1994 522 THEOLOGtA'N.
2040 464 2102 518 c.
2148 463 2256 516 ΕΤ
2299 465 2366 520 N.
2407 465 2477 519 Ε.

609 617 784 685 Iuda
825 616 1110 710 proditus
1137 614 1374 705 fieprit:
1425 615 1594 710 quod
1636 641 1677 682 α
1718 617 2108 709 Principibus
2129 706 2135 711 θ
2154 616 2540 683 sacerdotum
2586 632 2642 683 et
2684 643 2723 683 a

609 718 959 786 Senioribus
989 718 1452 811 comprehensus
1493 732 1552 783 et
1591 717 2026 783 condemnatus
2055 723 2169 782 sit.-
2219 718 2390 810 quod
2424 717 2722 811 colaphos

612 823 989 913 impegerint.-
1041 818 1210 912 quod
1231 833 1413 912 caput
1452 818 1690 884 calamo
1727 821 2133 911 percusserint
2142 849 2165 895 ,·
2214 818 2384 912 quod
2422 823 2722 912 imposue-

611 924 730 986 rint
773 944 1057 986 coronam
1101 945 1184 985 ex
1237 923 1464 1013 spinis.-
1517 919 1688 1012 quod
1729 924 2089 986 vestimenta
2131 921 2343 1012 Ipsius
2388 920 2720 997 diviserint,

612 1037 669 1088 et
723 1045 908 1114 super
949 1026 1209 1085 tunicam
1243 1025 1497 1109 jecerint
1540 1035 1790 1086 sortem.-
1843 1021 2012 1113 quod
2052 1019 2504 1112 crucfixeritet:
2557 1021 2724 1112 quod

613 1123 887 1189 dederint
918 1122 1057 1215 Ipsi
1078 1136 1306 1186 acetum
1335 1121 1422 1186 ad
1446 1120 1799 1186 bibendum.-
1853 1121 2022 1211 quod
2055 1119 2491 1210 transfoderint
2526 1121 2720 1187 latus.-

613 1222 781 1317 quod
804 1221 1078 1313 sepultus
1097 1271 1114 1298 ‚
1164 1237 1221 1288 et
1245 1222 1414 1315 quod
1438 1225 1610 1287 tertio
1641 1222 1739 1287 die
1778 1227 2184 1288 resurrexerit.
2270 1221 2448 1302 Quod
2491 1245 2526 1285 a
2562 1223 2721 1287 Juda

613 1323 877 1411 proditus
927 1322 1136 1397 fuerit,
1203 1323 1604 1409 significabat,
1676 1327 1832 1409 quod
1890 1346 1922 1386 a
1979 1334 2151 1409 gente
2204 1324 2493 1398 Judaica‚
2567 1322 2720 1411 apud

612 1446 791 1511 quam
848 1432 989 1487 tunc
1043 1433 1170 1486 erat
1217 1424 1518 1499 Verbum,
1575 1440 1711 1486 nam
1764 1423 1954 1489 Judas
1997 1424 2154 1488 ittam
2200 1424 2719 1512 repraesentabat:

612 1523 770 1611 quod
804 1546 836 1588 a
866 1524 1238 1612 Principibus
1278 1524 1649 1591 sacerdotum
1685 1534 1741 1586 et
1774 1524 2120 1590 Senioribus
2160 1526 2623 1612 comprehensus
2661 1534 2716 1586 et

610 1624 1036 1689 condemnatus
1061 1625 1165 1698 sit,
1197 1624 1568 1711 significabat
1597 1624 1759 1711 quod
1789 1625 1865 1688 ab
1897 1628 2056 1689 omni
2083 1627 2178 1689 illa
2210 1626 2504 1689 Ecclesia:
2559 1625 2717 1710 quod

608 1724 889 1813 colaphos
942 1726 1321 1812 impegerint,
1387 1725 1651 1812 spuerint
1706 1726 1765 1787 in
1817 1723 2061 1802 faciem,
2129 1725 2593 1808 flagellaverint,
2661 1733 2718 1786 et

609 1835 787 1912 caput
814 1827 1042 1890 calamo
1073 1827 1499 1913 percusserint,
1546 1824 1955 1911 significabant
1990 1828 2145 1913 quod
2175 1828 2442 1890 similiter
2472 1824 2719 1888 fecerint

610 1948 745 1991 cum
778 1928 1007 2002 Verb0‚
1061 1927 1259 2012 quoad
1289 1928 1503 1991 Divina
1543 1948 1686 1989 vera
1714 1927 1869 2013 ejus:
1926 1928 2083 2014 quod
2116 1926 2503 2012 imposuerint
2546 1947 2722 1988 coro·

616 2048 751 2092 nam
783 2048 852 2089 ex
878 2029 1088 2115 spinis,
1141 2025 1513 2112 significabat
1541 2027 1699 2112 quod
1731 2027 1826 2089 illa
1858 2026 2298 2092 falsificaverint
2328 2037 2385 2092 et
2413 2026 2722 2094 adultera-

613 2127 843 2192 verint:
896 2127 1053 2213 quod
1085 2129 1429 2192 vestimenta
1461 2127 1801 2203 diviserint,
1855 2138 1913 2193 et
1950 2151 2128 2216 super
2172 2130 2431 2193 tunicam
2476 2126 2725 2210 jecerint

613 2236 874 2314 sort-em,
923 2226 1295 2313 significabat
1322 2229 1477 2317 quod
1519 2231 1717 2293 omnia
1760 2250 1902 2293 vera
1931 2230 2113 2293 Verbi
2158 2229 2565 2315 disperserint,
2619 2227 2724 2291 sed

615 2347 736 2394 non
763 2348 996 2392 sensum
1029 2328 1154 2414 ejus
1181 2329 1578 2415 spiritualem,
1631 2329 1787 2393 hun«-
1819 2331 2016 2396 tunira
2046 2330 2283 2396 Domini
2324 2327 2728 2416 significabat:

616 2429 774 2515 quod
805 2427 1233 2505 crucifixerint,
1285 2429 1652 2516 significahat
1696 2432 1855 2517 quod
1901 2440 2088 2496 totum
2118 2433 2381 2497 Verbum
2420 2432 2722 2494 destruxe-

614 2529 732 2593 rint
762 2540 819 2592 et
862 2528 1402 2617 prophanaverint:
1457 2531 1611 2618 quod
1659 2532 2040 2617 praebuerint
2082 2531 2194 2620 lpsi
2238 2541 2469 2596 acetum
2518 2529 2591 2594 ad
2636 2529 2725 2592 bi·

615 2628 912 2704 bendum,
965 2629 1336 2715 significabat
1392 2631 1548 2717 quod
1598 2653 1757 2694 mere
1797 2631 2134 2708 falsificata,
2187 2654 2372 2719 quare
2401 2630 2559 2694 'illud
2604 2650 2724 2691 non

616 2730 797 2794 bibit:
854 2731 1010 2817 quod
1043 2730 1466 2794 transfoderint
1495 2731 1680 2805 latuS‚
1730 2731 2099 2816 significabat
2126 2734 2282 2819 (prod
2312 2733 2478 2818 plene
2509 2729 2726 2794 exstin-

613 2831 802 2893 xerint
831 2852 1006 2894 omne
1036 2853 1240 2897 verum
1272 2832 1454 2894 Verbi
1485 2841 1540 2893 et
1571 2853 1745 2894 omne
1775 2832 1994 2896 bonum
2028 2837 2182 2919 ejus:
2237 2832 2394 2919 quod
2440 2831 2723 2917 sepultuS,

611 2930 980 3017 significabat
1013 2931 1392 3018 rejectionem
1426 2932 1643 2995 residui
1676 2953 1707 2993 a
1740 2942 1965 2996 matre:
2021 2936 2175 3019 qnod
2206 2934 2380 2997 tertio
2408 2933 2501 2994 die
2529 2953 2723 2995 resur·

613 3032 863 3106 rexerit,
917 3032 1284 3117 significabat
1320 3030 1825 3098 Giorificationem
1864 3054 1968 3103 seu
2000 3034 2295 3098 Unionem
2329 3031 2594 3097 Humani
2627 3030 2725 3119 lp·

609 3133 726 3197 sius
754 3155 883 3195 cnm
916 3133 1132 3196 Divino
1162 3132 1376 3197 Patris.
1455 3133 1543 3197 Ex
1573 3133 1662 3197 his
1692 3155 1851 3196 nunc
1890 3144 2078 3220 patet,
2134 3134 2292 3221 quod
2334 3156 2437 3221 per
2464 3134 2724 3199 Portare

608 3232 981 3318 iniquitates,
1034 3254 1154 3296 non
1202 3233 1568 3319 inteiligatnr
1614 3232 1853 3297 auferre
1904 3234 2061 3311 illas,
2126 3236 2228 3299 sed
2272 3242 2724 3322 repraesentare

613 3331 1141 3419 prophanationem
1172 3333 1488 3397 veritatum
1518 3334 1718 3400 Verbi.

770 3436 910 3494 131.
971 3432 1141 3495 Haec
1179 3454 1414 3520 quoque
1459 3433 1737 3499 illustrari
1787 3445 2027 3518 possunt
2075 3458 2179 3520 per
2225 3434 2725 3522 comparationes,

609 3531 767 3617 quod
797 3530 858 3594 fit
895 3543 1133 3619 propter
1169 3535 1493 3619 simpliceS,
1546 3538 1642 3621 qui
1688 3556 1757 3597 ex
1803 3536 2349 3620 comparationibus
2383 3535 2591 3599 melius
2630 3534 2723 3597 vi-

610 3633 782 3707 dent,
840 3653 1014 3719 quam
1054 3655 1123 3696 ex
1152 3633 1604 3700 deductionibus
1631 3635 1927 3724 analytice
1969 3658 2038 3698 ex
2070 3636 2269 3701 Verbo
2311 3647 2368 3699 et
2406 3635 2580 3698 simul
2621 3654 2724 3698 ra·

612 3733 771 3797 tione
824 3733 1125 3798 formatis:
1193 3733 1405 3800 Omnis
1456 3736 1599 3800 civis
1651 3746 1754 3801 aut
1807 3738 2075 3801 subditus
2128 3739 2329 3801 unitur
2377 3737 2561 3821 Regi,
2616 3755 2724 3822 per

610 3833 771 3920 qnod
802 3834 1077 3898 mandata
1109 3836 1232 3920 ejus
1260 3846 1318 3898 et
1349 3846 1663 3923 praecepta
1692 3835 1903 3914 faeiat,
1958 3848 2014 3901 et
2045 3837 2171 3922 plus
2203 3839 2247 3902 si
2279 3859 2383 3925 pro
2415 3837 2513 3899 illo
2547 3835 2724 3899 susti-

608 3943 710 3997 net
736 3935 975 4021 gravia,
1030 3946 1086 3997 et
1115 3936 1307 3999 adhuc
1337 3936 1464 4023 plus
1490 3937 1535 4001 si
1569 3947 1817 4000 mortem
1851 3961 1959 4023 pro
1987 3939 2087 4001 illo
2115 3938 2305 4013 subit,
2360 3936 2518 4023 quod
2555 3935 2618 3999 fit
2654 3936 2725 3997 in

606 4036 817 4120 pugnis
861 4047 920 4098 et
965 4036 1228 4120 praeliis:
1287 4036 1506 4123 pariter
1546 4039 1767 4101 amicus
1814 4038 2018 4103 unitur
2061 4040 2289 4111 amico,
2345 4036 2498 4101 filius
2542 4035 2724 4124 patri,

607 4142 668 4197 et
695 4134 950 4199 famulus
973 4135 1153 4209 hero,
1207 4157 1311 4221 per
1354 4136 1512 4221 quod
1554 4136 1691 4211 itta,
1744 4158 1897 4222 quae
1939 4137 2266 4204 voluntatis
2308 4159 2511 4202 eorum
2560 4145 2723 4212 sunt,

604 4232 863 4310 faciant,
917 4244 976 4297 et
1019 4235 1145 4320 plus
1183 4234 1229 4297 si
1274 4245 1483 4298 contra
1530 4236 1800 4298 inimicos
1841 4236 1975 4301 illos
2013 4238 2367 4314 defendunt,
2422 4248 2480 4302 et
2522 4235 2725 4301 adhuc

612 4333 739 4419 plus
772 4334 817 4397 si
866 4357 971 4422 pro
1014 4333 1248 4397 illorum
1288 4333 1516 4398 honore
1547 4334 1843 4397 dimicant.
1914 4336 2058 4415 Quis
2087 4361 2203 4404 nou
2236 4340 2436 4403 unitur
2484 4336 2727 4425 virgini,
