3309 4775
337 518 354 564 l

338 604 351 665 l

337 720 345 763 ε

338 830 351 889 i

337 932 353 991 ,¹

337 1035 351 1075 ι

338 1116 353 1175 l

338 1214 351 1278 i

1014 385 1091 440 11.
1176 384 1589 439 DOMINUS
1632 385 2214 440 REDEMPTOR.
2560 400 2659 446 ¹25

556 542 797 605 Patrem
832 538 1072 625 propius
1098 538 1372 612 accessit,
1415 537 1643 624 adjuvit
1672 547 1730 602 et
1755 548 2141 625 cooperatum
2173 550 2289 614 est,
2329 549 2387 601 et
2424 540 2660 616 taudem

552 663 618 705 se
664 639 1098 723 conjunxerunt
1144 639 1262 712 ita,
1320 648 1380 700 ut
1426 660 1543 701 nou
1592 641 1710 702 duo
1755 641 1858 704 sed
1910 657 2089 702 unum
2138 649 2360 710 essent;
2413 651 2469 704 et
2515 641 2663 707 haec

557 740 717 806 Unio
746 747 834 804 est
861 737 1231 803 Glorificatio
1251 785 1269 814 ,
1317 739 1390 801 de
1417 761 1535 823 qua
1562 741 1621 803 in
1648 740 2046 825 sequentibus.

709 845 811 904 98.
867 839 1044 920 Quod
1090 840 1271 903 Pau-r
1312 848 1371 902 et
1409 839 1622 914 Filius,
1675 839 1789 904 hoc
1832 849 1952 914 est,
2003 840 2287 905 Divinum
2324 850 2383 904 et
2430 842 2663 906 Huma-

550 964 731 1017 num,
784 943 843 1003 in
872 941 1131 1004 Domino
1162 940 1324 1002 nnita
1351 942 1467 1003 sint
1494 942 1645 1004 sicut
1672 942 1886 1005 Anima
1915 950 1974 1003 et
2003 940 2262 1027 Corpus,
2306 951 2396 1006 est
2424 943 2660 1026 quidem

553 1062 627 1107 ex
667 1041 782 1106 fide
815 1040 1139 1104 hodiernae
1169 1041 1502 1116 Ecclesiae,
1555 1051 1614 1104 et
1654 1063 1892 1128 qnoque
1933 1063 2005 1104 ex
2048 1042 2281 1117 Verbo,
2334 1041 2433 1106 sed
2478 1064 2664 1128 usque

542 1144 656 1208 ·vix
703 1143 962 1230 quinque
1007 1142 1162 1205 inter
1205 1150 1479 1216 centum,
1508 1153 1634 1205 -aut
1674 1142 2104 1229 quinquaginta
2147 1144 2301 1205 inter
2346 1143 2502 1207 mille
2549 1142 2664 1207 hoc

551 1253 809 1316 noruut;
867 1263 1042 1307 causa
1074 1252 1158 1307 est
1185 1242 1473 1307 Doctrina
1504 1241 1933 1327 justificationis
1965 1265 2069 1327 per
2096 1243 2279 1307 solam
2311 1241 2514 1317 fidem,
2566 1246 2660 1307 cui

554 1345 825 1432 plerique
865 1365 937 1405 ex
976 1343 1185 1418 Clero,
1240 1334 1338 1430 qni
1381 1343 1598 1407 samam
1622 1344 1990 1407 cruditionis
2032 1352 2274 1432 propter
2314 1343 2571 1408 bonores
2606 1354 2665 1408 et

552 1444 915 1509 lucrationes
943 1443 1245 1519 ambiunt,
1299 1444 1461 1507 omni
1503 1444 1700 1507 studio
1743 1444 2120 1515 incumbunt,
2175 1466 2362 1530 usque
2394 1445 2531 1506 dum
2563 1444 2661 1508 illa
2693 1480 2698 1486 ·

553 1546 827 1611 doctrina
857 1566 1034 1608 omne
1065 1554 1344 1630 punctum
1377 1544 1589 1608 mentis
1617 1565 1823 1629 corun]
1869 1543 2044 1608 hodie
2083 1543 2237 1608 serat
2277 1553 2334 1606 et
2377 1546 2662 1617 obsideat,

551 1655 615 1709 et
644 1648 782 1734 quia
812 1646 959 1710 haec
989 1645 1375 1731 cogitationes
1404 1646 1638 1709 illorum
1683 1647 1832 1710 sicut
1875 1646 2115 1729 spiritus
2146 1646 2387 1709 vinosus
2430 1645 2664 1709 alcohol

551 1747 747 1811 dictus
774 1747 1120 1819 inebriavit,
1177 1745 1308 1809 ideo
1349 1746 1686 1810 sicut-ebrii
1728 1745 2259 1810 essentialissimum
2303 1744 2418 1809 hoc
2460 1746 2664 1810 Eccle-

550 1849 710 1923 siae,
766 1846 927 1933 quod
967 1845 1246 1910 Jeliovah
1289 1846 1450 1910 Deus
1491 1848 1895 1919 descenderit,
1949 1857 2007 1908 et
2052 1846 2397 1910 Humanum
2443 1869 2666 1911 assuru-

553 1950 735 2024 serit,
789 1970 907 2012 non
953 1947 1264 2018 viderunt3
1318 1969 1449 2010 cuni
1495 1955 1695 2009 tamen
1744 1969 1849 2033 per
1894 1945 2049 2010 hanc
2099 1947 2395 2011 Unionem
2438 1946 2665 2011 homini

554 2071 690 2112 cum
725 2049 856 2113 Deo
887 2048 1056 2111 unice
1087 2048 1263 2111 datur
1297 2048 1669 2133 conjunctio,
1723 2059 1782 2111 et
1823 2069 1928 2132 per
1966 2047 2442 2131 conjunctionem
2470 2049 2665 2112 salva-

550 2150 672 2213 tio:
728 2150 888 2235 quod
927 2150 1087 2213 salus
1121 2170 1192 2210 ex
1222 2149 1560 2234 cognitione
1601 2158 1659 2211 et
1701 2149 2001 2234 agnitione
2029 2147 2142 2212 Dei
2190 2149 2468 2233 pendeat,
2525 2171 2666 2212 con·

549 2259 714 2315 stare
751 2259 942 2335 potest
975 2248 1264 2313 unicuivis
1288 2250 1386 2335 qui
1416 2249 1726 2335 expendit,
1780 2249 1937 2334 quod
1968 2249 2128 2313 Dens
2154 2248 2224 2313 sit
2253 2270 2432 2313 omne
2456 2249 2513 2312 in
2542 2273 2670 2314 oiu-

552 2350 731 2415 nibus
760 2350 954 2427 Caeli,
1007 2359 1064 2415 et
1091 2350 1226 2413 inde
1257 2371 1431 2413 omne
1460 2351 1519 2414 in
1550 2350 1827 2414 omnibus
1854 2348 2181 2425 Ecclesiae,
2235 2361 2668 2438 consequenter

542 2473 730 2520 omne
757 2451 818 2514 in
849 2452 1126 2516 omnibus
1151 2449 1538 2537 Theologiae.
1592 2452 1708 2515 Sed
1739 2451 1989 2537 primum
2021 2449 2116 2513 hic
2146 2451 2668 2527 demonstrabitur,

552 2553 718 2638 qnod
748 2552 908 2617 Unio
936 2553 1133 2617 Patris
1171 2562 1229 2615 et
1273 2551 1437 2626 Filii,
1488 2572 1602 2615 seu·
1634 2552 1838 2617 Divini
1879 2561 1937 2615 et
1981 2552 2242 2615 Humani
2287 2552 2345 2614 in
2389 2553 2667 2626 Domino,

549 2655 629 2718 sit
656 2654 807 2718 sicut
835 2655 971 2718 nnio
1002 2654 1236 2717 animae
1262 2662 1321 2715 et
1363 2652 1659 2739 corporis,
1713 2663 1773 2717 et
1815 2662 2016 2737 postea
2063 2651 2219 2738 quod
2252 2652 2408 2716 Unio
2449 2652 2548 2715 illa
2593 2653 2667 2715 sit

551 2752 897 2841 recipi-orm
925 2753 1084 2818 Unio
1103 2754 1254 2817 sicut
1277 2754 1507 2816 animae
1527 2762 1585 2815 et
1606 2774 1873 2837 emporis
1901 2751 2273 2817 constabilita
2301 2747 2386 2814 est
2416 2751 2473 2814 in
2493 2752 2667 2840 Sym-

556 2855 704 2917 bolo
726 2851 1068 2927 Athanasii,
1110 2853 1314 2939 quod
1296 2876 1354 2915 in
1377 2853 1675 2918 Universo
1695 2839 2035 2917 Christiano
2054 2851 2221 2914 Orbe
2250 2873 2355 2937 pro
2377 2851 2666 2935 Doctrina

551 2955 631 3018 de
680 2955 811 3019 Deo
855 2965 1157 3043 receptum
1204 2963 1327 3025 ost;
1382 2954 1462 3017 ibi
1507 2953 1657 3017 haec
1707 2951 2056 3037 leguntur,
2061 2951 2317 3025 ‚Noster
2367 2951 2669 3016 Dominus

551 3048 746 3120 Jesus
791 3054 1065 3120 Christus
1111 3068 1202 3118 est
1241 3054 1411 3120 Deus
1452 3069 1508 3119 et
1556 3054 1804 3126 Hom03
1842 3064 1898 3113 et
1947 3053 2221 3141 quamvis
2265 3065 2356 3116 est
2396 3052 2567 3117 Deus
2612 3067 2669 3117 et

550 3156 780 3232 Homo,
825 3180 1014 3249 usque
1038 3180 1160 3221 non
1185 3170 1326 3220 sunt
1355 3155 1498 3231 duo,
1532 3152 1647 3218 sed
1668 3166 1757 3217 est
1791 3151 1971 3217 Unus
2001 3150 2307 3228 Christus3
2349 3168 2438 3217 est
2470 3152 2667 3226 Unus,

552 3261 706 3349 quia
748 3256 1034 3321 Divinum
1081 3260 1347 3349 suscepit
1397 3255 1485 3319 ad
1536 3278 1603 3318 se
1650 3255 2037 3330 Humanum3
2110 3254 2229 3317 imo
2273 3269 2363 3317 est
2408 3278 2669 3347 prorsus

557 3357 775 3432 Unus,
825 3371 882 3422 et
907 3370 998 3422 est
1033 3357 1177 3423 Una
1204 3356 1516 3428 Persona,
1555 3379 1697 3419 nam
1726 3357 1876 3418 sicut
1904 3351 2137 3418 Anima
2164 3370 2221 3418 et
2251 3354 2484 3445 Corpus
2510 3379 2670 3419 unus

549 3471 650 3522 est
674 3455 886 3532 homo,
940 3465 1024 3522 ita
1057 3458 1222 3522 Deus
1247 3471 1304 3522 et
1334 3458 1530 3538 Homo
1559 3480 1719 3520 unus
1744 3469 1834 3519 est
1866 3453 2169 3528 Christus,-
2222 3455 2325 3518 sed
2366 3454 2479 3516 liic
2499 3456 2671 3517 intel-

553 3557 797 3645 ligitur,
853 3560 1024 3643 quod·
1045 3559 1174 3636 talis
1205 3559 1344 3621 uuio
1370 3558 1444 3621 sit
1474 3558 1605 3620 Filii
1636 3556 1747 3621 Dei
1790 3557 1872 3618 ab
1908 3565 2150 3619 aeterno
2182 3558 2311 3616 εὐτυ
2343 3553 2497 3619 Filio
2527 3563 2668 3617 nato

549 3658 614 3721 in
649 3668 949 3744 tempot·e;
1006 3681 1211 3722 verum
1239 3660 1378 3742 quia
1409 3658 1572 3721 Deus
1603 3668 1693 3721 est
1734 3677 1887 3719 unus
1932 3667 1988 3719 et
2034 3676 2150 3718 non
2184 3664 2333 3729 tres»,
2387 3655 2525 3718 dum
2565 3654 2665 3718 illa
2711 3691 2722 3702 ι

551 3759 720 3823 Unio
766 3758 1115 3844 intelligitur
1175 3781 1306 3822 cum
1356 3759 1485 3822 Deo
1545 3778 1667 3820 nno
1713 3756 1788 3819 ab
1841 3766 2121 3829 aeterno,
2191 3754 2516 3819 concordat
2567 3753 2666 3818 illa

550 3859 846 3923 Doctrina
877 3881 1009 3922 cum
1037 3860 1274 3931 Verhm
1329 3860 1384 3920 in
1415 3858 1616 3922 Verbo
1655 3856 2109 3942 haecleguntur
2154 3853 2382 3938 „Quod
2420 3878 2669 3947 concep-

548 3973 656 4024 tus
683 3957 1131 4027 sitaJehovah
1156 3959 1405 4035 Patre,“
1445 3958 1584 4021 Luc.
1629 3956 1689 4019 1:
1741 3957 1843 4020 34.
1889 3959 1992 4019 35.
2034 3955 2170 4018 inde
2216 3955 2328 4044 Ipsi
2354 3956 2563 4019 anima
2611 3963 2671 4017 et

548 4061 714 4135 vita,
762 4082 952 4147 quare
978 4060 1154 4137 dicit,
1201 4058 1370 4153 quod
1388 4060 1536 4152 Ipse
1559 4071 1616 4123 et
1639 4056 1835 4122 Pater
1856 4080 2036 4120 unum
2066 4059 2219 4130 sint,
2260 4055 2398 4119 Joh.
2431 4055 2519 4120 X:
2564 4058 2666 4118 30.

550 4159 745 4243 Quod
764 4164 873 4252 qui
897 4162 1109 4254 Ipsum
1148 4160 1325 4226 videt
1357 4173 1418 4225 et
1453 4160 1781 4249 cognoscit,
1821 4155 2039 4221 videat
2078 4169 2135 4220 et
2173 4171 2503 4246 cognoscat
2544 4155 2672 4221 Pa-

551 4273 732 4339 trem,
785 4260 926 4327 Joh.
976 4262 1151 4331 XIV:
1206 4267 1265 4325 9.
1350 4258 1421 4328 Si
1460 4260 1571 4324 Me
1614 4261 1907 4333 nossetis,
1958 4261 2141 4322 etiam
2188 4256 2437 4322 Patrem
2481 4280 2670 4331 meum
