<?xml version="1.0" encoding="UTF-8"?>
<!DOCTYPE html PUBLIC "-//W3C//DTD XHTML 1.0 Transitional//EN"
    "http://www.w3.org/TR/xhtml1/DTD/xhtml1-transitional.dtd">
<html xmlns="http://www.w3.org/1999/xhtml" xml:lang="en" lang="en">
 <head>
  <title>
</title>
<meta http-equiv="Content-Type" content="text/html;charset=utf-8" />
  <meta name='ocr-system' content='tesseract 3.04.00' />
  <meta name='ocr-capabilities' content='ocr_page ocr_carea ocr_par ocr_line ocrx_word'/>
</head>
<body>
  <div class='ocr_page' id='page_1' title='image "./verachristianar00tafegoog_0036.png"; bbox 0 0 3309 4775; ppageno 0'>
   <div class='ocr_carea' id='block_1_1' title="bbox 61 254 626 4698">
    <p class='ocr_par' dir='ltr' id='par_1_1' title="bbox 61 254 626 4698">
     <span class='ocr_line' id='line_1_1' title="bbox 61 254 626 4698; baseline 0 0"><span class='ocrx_word' id='word_1_1' title='bbox 61 254 626 4698; x_wconf 95' lang='lat' dir='ltr'><strong> </strong></span> 
     </span>
    </p>
   </div>
   <div class='ocr_carea' id='block_1_2' title="bbox 1015 337 2872 402">
    <p class='ocr_par' dir='ltr' id='par_1_2' title="bbox 1015 337 2872 402">
     <span class='ocr_line' id='line_1_2' title="bbox 1015 337 2872 402; baseline -0.004 0"><span class='ocrx_word' id='word_1_2' title='bbox 1015 354 1084 402; x_wconf 75' lang='grc'><strong>50</strong></span> <span class='ocrx_word' id='word_1_3' title='bbox 1239 338 1705 395; x_wconf 74' lang='lat' dir='ltr'><strong>UNIVERSA</strong></span> <span class='ocrx_word' id='word_1_4' title='bbox 1744 338 2277 392; x_wconf 64' lang='lat' dir='ltr'><strong>&#39;rm-:OLOGM</strong></span> <span class='ocrx_word' id='word_1_5' title='bbox 2321 339 2391 394; x_wconf 72' lang='lat' dir='ltr'><strong>N.</strong></span> <span class='ocrx_word' id='word_1_6' title='bbox 2435 337 2499 392; x_wconf 82' lang='lat' dir='ltr'><strong>G.</strong></span> <span class='ocrx_word' id='word_1_7' title='bbox 2542 338 2652 391; x_wconf 82' lang='grc' dir='ltr'><strong>ΕΤ</strong></span> <span class='ocrx_word' id='word_1_8' title='bbox 2694 338 2762 392; x_wconf 70' lang='grc' dir='ltr'><strong>Ν.</strong></span> <span class='ocrx_word' id='word_1_9' title='bbox 2803 337 2872 395; x_wconf 86' lang='grc' dir='ltr'><strong>Ε.</strong></span> 
     </span>
    </p>
   </div>
   <div class='ocr_carea' id='block_1_3' title="bbox 997 490 3135 4287">
    <p class='ocr_par' dir='ltr' id='par_1_3' title="bbox 997 490 3135 4287">
     <span class='ocr_line' id='line_1_3' title="bbox 1006 490 3112 581; baseline -0 -24"><span class='ocrx_word' id='word_1_10' title='bbox 1006 516 1153 581; x_wconf 88' lang='lat' dir='ltr'><strong>quas</strong></span> <span class='ocrx_word' id='word_1_11' title='bbox 1189 493 1487 558; x_wconf 88' lang='lat' dir='ltr'><strong>hominem</strong></span> <span class='ocrx_word' id='word_1_12' title='bbox 1525 501 1759 579; x_wconf 88' lang='lat' dir='ltr'><strong>oportet</strong></span> <span class='ocrx_word' id='word_1_13' title='bbox 1787 492 1917 557; x_wconf 91' lang='lat' dir='ltr'><strong>Deo</strong></span> <span class='ocrx_word' id='word_1_14' title='bbox 1961 491 2201 557; x_wconf 87' lang='lat' dir='ltr'><strong>obviam</strong></span> <span class='ocrx_word' id='word_1_15' title='bbox 2247 490 2600 564; x_wconf 81' lang='lat' dir='ltr'><strong>ascendere;</strong></span> <span class='ocrx_word' id='word_1_16' title='bbox 2654 490 2900 577; x_wconf 86' lang='lat' dir='ltr'><strong>quisque</strong></span> <span class='ocrx_word' id='word_1_17' title='bbox 2954 491 3112 556; x_wconf 70' lang='lat' dir='ltr'><strong>enin</strong></span> 
     </span>
     <span class='ocr_line' id='line_1_4' title="bbox 1010 590 3116 681; baseline -0.001 -21"><span class='ocrx_word' id='word_1_18' title='bbox 1010 595 1241 681; x_wconf 86' lang='lat' dir='ltr'><strong>parabit</strong></span> <span class='ocrx_word' id='word_1_19' title='bbox 1269 594 1399 658; x_wconf 90' lang='lat' dir='ltr'><strong>Deo</strong></span> <span class='ocrx_word' id='word_1_20' title='bbox 1432 594 1608 667; x_wconf 86' lang='lat' dir='ltr'><strong>viam,</strong></span> <span class='ocrx_word' id='word_1_21' title='bbox 1648 590 1769 657; x_wconf 89' lang='lat' dir='ltr'><strong>hoc</strong></span> <span class='ocrx_word' id='word_1_22' title='bbox 1807 602 1925 667; x_wconf 89' lang='lat' dir='ltr'><strong>est,</strong></span> <span class='ocrx_word' id='word_1_23' title='bbox 1965 592 2342 679; x_wconf 77' lang='lat' dir='ltr'>praeparabit</span> <span class='ocrx_word' id='word_1_24' title='bbox 2378 611 2441 656; x_wconf 87' lang='lat' dir='ltr'><strong>se</strong></span> <span class='ocrx_word' id='word_1_25' title='bbox 2481 591 2556 654; x_wconf 87' lang='lat' dir='ltr'><strong>ad</strong></span> <span class='ocrx_word' id='word_1_26' title='bbox 2597 591 3018 679; x_wconf 71' lang='lat' dir='ltr'>receptionem,</span> <span class='ocrx_word' id='word_1_27' title='bbox 3056 602 3116 657; x_wconf 81' lang='lat' dir='ltr'><strong>et</strong></span> 
     </span>
     <span class='ocr_line' id='line_1_5' title="bbox 1010 691 3114 780; baseline -0.001 -22"><span class='ocrx_word' id='word_1_28' title='bbox 1010 695 1124 758; x_wconf 91' lang='lat' dir='ltr'><strong>boc</strong></span> <span class='ocrx_word' id='word_1_29' title='bbox 1151 694 1252 758; x_wconf 88' lang='lat' dir='ltr'><strong>fiet</strong></span> <span class='ocrx_word' id='word_1_30' title='bbox 1290 715 1402 779; x_wconf 88' lang='lat' dir='ltr'><strong>per</strong></span> <span class='ocrx_word' id='word_1_31' title='bbox 1442 694 1827 780; x_wconf 73' lang='lat' dir='ltr'><strong>cognitiones.</strong></span> <span class='ocrx_word' id='word_1_32' title='bbox 1897 692 2312 779; x_wconf 74' lang='lat' dir='ltr'><strong>cognitiones,</strong></span> <span class='ocrx_word' id='word_1_33' title='bbox 2359 712 2515 777; x_wconf 85' lang='lat' dir='ltr'><strong>quae</strong></span> <span class='ocrx_word' id='word_1_34' title='bbox 2559 691 2908 768; x_wconf 80' lang='lat' dir='ltr'><strong>defuerunt,</strong></span> <span class='ocrx_word' id='word_1_35' title='bbox 2954 692 3114 778; x_wconf 90' lang='lat' dir='ltr'><strong>quod</strong></span> 
     </span>
     <span class='ocr_line' id='line_1_6' title="bbox 1011 790 3114 881; baseline -0 -23"><span class='ocrx_word' id='word_1_36' title='bbox 1011 794 1356 859; x_wconf 69' lang='lat' dir='ltr'><strong>Intellectus</strong></span> <span class='ocrx_word' id='word_1_37' title='bbox 1381 815 1503 858; x_wconf 88' lang='lat' dir='ltr'><strong>non</strong></span> <span class='ocrx_word' id='word_1_38' title='bbox 1532 795 1791 881; x_wconf 90' lang='lat' dir='ltr'><strong>potuerit</strong></span> <span class='ocrx_word' id='word_1_39' title='bbox 1820 803 2130 877; x_wconf 89' lang='lat' dir='ltr'><strong>penetrare</strong></span> <span class='ocrx_word' id='word_1_40' title='bbox 2159 791 2325 866; x_wconf 90' lang='lat' dir='ltr'><strong>illuc,</strong></span> <span class='ocrx_word' id='word_1_41' title='bbox 2368 801 2431 855; x_wconf 92' lang='lat' dir='ltr'><strong>ut</strong></span> <span class='ocrx_word' id='word_1_42' title='bbox 2462 790 2720 865; x_wconf 86' lang='lat' dir='ltr'><strong>videret,</strong></span> <span class='ocrx_word' id='word_1_43' title='bbox 2760 791 2919 876; x_wconf 89' lang='lat' dir='ltr'><strong>quod</strong></span> <span class='ocrx_word' id='word_1_44' title='bbox 2950 792 3114 857; x_wconf 89' lang='lat' dir='ltr'><strong>Deus</strong></span> 
     </span>
     <span class='ocr_line' id='line_1_7' title="bbox 1012 890 3116 981; baseline -0.001 -22"><span class='ocrx_word' id='word_1_45' title='bbox 1012 917 1162 959; x_wconf 89' lang='lat' dir='ltr'><strong>unus</strong></span> <span class='ocrx_word' id='word_1_46' title='bbox 1188 894 1296 969; x_wconf 89' lang='lat' dir='ltr'><strong>sit,</strong></span> <span class='ocrx_word' id='word_1_47' title='bbox 1345 904 1403 958; x_wconf 88' lang='lat' dir='ltr'><strong>et</strong></span> <span class='ocrx_word' id='word_1_48' title='bbox 1432 894 1590 981; x_wconf 89' lang='lat' dir='ltr'><strong>quod</strong></span> <span class='ocrx_word' id='word_1_49' title='bbox 1619 915 1741 957; x_wconf 90' lang='lat' dir='ltr'><strong>non</strong></span> <span class='ocrx_word' id='word_1_50' title='bbox 1770 892 1964 957; x_wconf 91' lang='lat' dir='ltr'><strong>dabile</strong></span> <span class='ocrx_word' id='word_1_51' title='bbox 2003 893 2076 957; x_wconf 90' lang='lat' dir='ltr'><strong>sit</strong></span> <span class='ocrx_word' id='word_1_52' title='bbox 2105 892 2384 956; x_wconf 86' lang='lat' dir='ltr'><strong>Divinum</strong></span> <span class='ocrx_word' id='word_1_53' title='bbox 2416 890 2557 955; x_wconf 86' lang='lat' dir='ltr'><strong>Esse</strong></span> <span class='ocrx_word' id='word_1_54' title='bbox 2588 892 2695 955; x_wconf 90' lang='lat' dir='ltr'><strong>nisi</strong></span> <span class='ocrx_word' id='word_1_55' title='bbox 2726 890 3014 967; x_wconf 86' lang='lat' dir='ltr'><strong>Unicum,</strong></span> <span class='ocrx_word' id='word_1_56' title='bbox 3056 901 3116 956; x_wconf 82' lang='lat' dir='ltr'><strong>et</strong></span> 
     </span>
     <span class='ocr_line' id='line_1_8' title="bbox 1013 991 3116 1082; baseline -0.002 -22"><span class='ocrx_word' id='word_1_57' title='bbox 1013 995 1175 1082; x_wconf 86' lang='lat' dir='ltr'><strong>quod</strong></span> <span class='ocrx_word' id='word_1_58' title='bbox 1219 994 1438 1058; x_wconf 86' lang='lat' dir='ltr'><strong>Omnia</strong></span> <span class='ocrx_word' id='word_1_59' title='bbox 1478 995 1753 1058; x_wconf 79' lang='lat' dir='ltr'><strong>Naturae</strong></span> <span class='ocrx_word' id='word_1_60' title='bbox 1787 993 1904 1057; x_wconf 91' lang='lat' dir='ltr'><strong>sint</strong></span> <span class='ocrx_word' id='word_1_61' title='bbox 1948 992 2024 1056; x_wconf 92' lang='lat' dir='ltr'><strong>ab</strong></span> <span class='ocrx_word' id='word_1_62' title='bbox 2070 991 2210 1067; x_wconf 89' lang='lat' dir='ltr'><strong>lllo,</strong></span> <span class='ocrx_word' id='word_1_63' title='bbox 2264 1002 2401 1057; x_wconf 87' lang='lat' dir='ltr'><strong>sunt</strong></span> <span class='ocrx_word' id='word_1_64' title='bbox 2442 1000 2787 1077; x_wconf 85' lang='lat' dir='ltr'><strong>sequentes,</strong></span> <span class='ocrx_word' id='word_1_65' title='bbox 2862 995 2914 1054; x_wconf 82' lang='lat' dir='ltr'><strong>t.</strong></span> <span class='ocrx_word' id='word_1_66' title='bbox 2958 991 3116 1072; x_wconf 85' lang='lat' dir='ltr'><strong>Quia</strong></span> 
     </span>
     <span class='ocr_line' id='line_1_9' title="bbox 1011 1089 3116 1181; baseline -0.002 -22"><span class='ocrx_word' id='word_1_67' title='bbox 1011 1095 1296 1159; x_wconf 82' lang='lat' dir='ltr'><strong>hactenus</strong></span> <span class='ocrx_word' id='word_1_68' title='bbox 1333 1114 1508 1157; x_wconf 88' lang='lat' dir='ltr'><strong>nemo</strong></span> <span class='ocrx_word' id='word_1_69' title='bbox 1547 1093 1770 1181; x_wconf 89' lang='lat' dir='ltr'><strong>aliquid</strong></span> <span class='ocrx_word' id='word_1_70' title='bbox 1810 1092 2066 1158; x_wconf 76' lang='lat' dir='ltr'><strong>sciverat</strong></span> <span class='ocrx_word' id='word_1_71' title='bbox 2105 1091 2178 1155; x_wconf 91' lang='lat' dir='ltr'><strong>de</strong></span> <span class='ocrx_word' id='word_1_72' title='bbox 2212 1092 2441 1158; x_wconf 88' lang='lat' dir='ltr'><strong>Mundo</strong></span> <span class='ocrx_word' id='word_1_73' title='bbox 2473 1089 2807 1177; x_wconf 75' lang='lat' dir='ltr'><strong>spirituali,</strong></span> <span class='ocrx_word' id='word_1_74' title='bbox 2842 1092 2943 1155; x_wconf 89' lang='lat' dir='ltr'><strong>ubi</strong></span> <span class='ocrx_word' id='word_1_75' title='bbox 2979 1101 3116 1158; x_wconf 83' lang='lat' dir='ltr'><strong>sunt</strong></span> 
     </span>
     <span class='ocr_line' id='line_1_10' title="bbox 1013 1189 3115 1281; baseline -0.001 -22"><span class='ocrx_word' id='word_1_76' title='bbox 1013 1195 1266 1281; x_wconf 85' lang='lat' dir='ltr'><strong>Spiritus</strong></span> <span class='ocrx_word' id='word_1_77' title='bbox 1292 1202 1351 1257; x_wconf 92' lang='lat' dir='ltr'><strong>et</strong></span> <span class='ocrx_word' id='word_1_78' title='bbox 1378 1194 1622 1280; x_wconf 81' lang='lat' dir='ltr'><strong>Angeli,</strong></span> <span class='ocrx_word' id='word_1_79' title='bbox 1661 1201 1719 1257; x_wconf 88' lang='lat' dir='ltr'><strong>et</strong></span> <span class='ocrx_word' id='word_1_80' title='bbox 1760 1193 1819 1256; x_wconf 92' lang='lat' dir='ltr'><strong>in</strong></span> <span class='ocrx_word' id='word_1_81' title='bbox 1853 1213 2028 1278; x_wconf 87' lang='lat' dir='ltr'><strong>quem</strong></span> <span class='ocrx_word' id='word_1_82' title='bbox 2060 1192 2250 1257; x_wconf 88' lang='lat' dir='ltr'><strong>omnis</strong></span> <span class='ocrx_word' id='word_1_83' title='bbox 2275 1189 2456 1256; x_wconf 88' lang='lat' dir='ltr'><strong>homo</strong></span> <span class='ocrx_word' id='word_1_84' title='bbox 2497 1201 2629 1279; x_wconf 89' lang='lat' dir='ltr'><strong>post</strong></span> <span class='ocrx_word' id='word_1_85' title='bbox 2656 1199 2905 1255; x_wconf 87' lang='lat' dir='ltr'><strong>mortem</strong></span> <span class='ocrx_word' id='word_1_86' title='bbox 2936 1191 3115 1257; x_wconf 84' lang='lat' dir='ltr'><strong>venit.</strong></span> 
     </span>
     <span class='ocr_line' id='line_1_11' title="bbox 1014 1289 3118 1380; baseline -0.001 -22"><span class='ocrx_word' id='word_1_87' title='bbox 1014 1300 1072 1358; x_wconf 76' lang='lat'><strong>2.</strong></span> <span class='ocrx_word' id='word_1_88' title='bbox 1111 1295 1346 1360; x_wconf 76' lang='lat' dir='ltr'><strong>Pariter</strong></span> <span class='ocrx_word' id='word_1_89' title='bbox 1373 1303 1532 1370; x_wconf 87' lang='lat' dir='ltr'><strong>tunc,</strong></span> <span class='ocrx_word' id='word_1_90' title='bbox 1569 1293 1725 1380; x_wconf 83' lang='lat' dir='ltr'><strong>quod</strong></span> <span class='ocrx_word' id='word_1_91' title='bbox 1755 1294 1812 1355; x_wconf 89' lang='lat' dir='ltr'><strong>in</strong></span> <span class='ocrx_word' id='word_1_92' title='bbox 1840 1292 1940 1356; x_wconf 89' lang='lat' dir='ltr'><strong>illo</strong></span> <span class='ocrx_word' id='word_1_93' title='bbox 1966 1292 2192 1357; x_wconf 88' lang='lat' dir='ltr'><strong>Mundo</strong></span> <span class='ocrx_word' id='word_1_94' title='bbox 2219 1292 2295 1355; x_wconf 86' lang='lat' dir='ltr'><strong>sit</strong></span> <span class='ocrx_word' id='word_1_95' title='bbox 2319 1291 2455 1367; x_wconf 89' lang='lat' dir='ltr'><strong>Sol,</strong></span> <span class='ocrx_word' id='word_1_96' title='bbox 2487 1291 2587 1376; x_wconf 86' lang='lat' dir='ltr'><strong>qui</strong></span> <span class='ocrx_word' id='word_1_97' title='bbox 2617 1301 2702 1357; x_wconf 87' lang='lat' dir='ltr'><strong>est</strong></span> <span class='ocrx_word' id='word_1_98' title='bbox 2732 1312 2911 1378; x_wconf 87' lang='lat' dir='ltr'><strong>purus</strong></span> <span class='ocrx_word' id='word_1_99' title='bbox 2929 1289 3118 1357; x_wconf 82' lang='lat' dir='ltr'><strong>Amor</strong></span> 
     </span>
     <span class='ocr_line' id='line_1_12' title="bbox 1014 1391 3119 1479; baseline -0.001 -20"><span class='ocrx_word' id='word_1_100' title='bbox 1014 1416 1048 1459; x_wconf 88' lang='lat' dir='ltr'><strong>a</strong></span> <span class='ocrx_word' id='word_1_101' title='bbox 1077 1392 1354 1457; x_wconf 80' lang='lat' dir='ltr'><strong>Jehovah</strong></span> <span class='ocrx_word' id='word_1_102' title='bbox 1385 1394 1543 1469; x_wconf 86' lang='lat' dir='ltr'><strong>Deo,</strong></span> <span class='ocrx_word' id='word_1_103' title='bbox 1589 1393 1688 1479; x_wconf 88' lang='lat' dir='ltr'><strong>qui</strong></span> <span class='ocrx_word' id='word_1_104' title='bbox 1730 1395 1787 1456; x_wconf 95' lang='lat' dir='ltr'><strong>in</strong></span> <span class='ocrx_word' id='word_1_105' title='bbox 1818 1392 2012 1455; x_wconf 85' lang='lat' dir='ltr'><strong>rnedio</strong></span> <span class='ocrx_word' id='word_1_106' title='bbox 2048 1392 2175 1477; x_wconf 87' lang='lat' dir='ltr'><strong>ejus</strong></span> <span class='ocrx_word' id='word_1_107' title='bbox 2203 1401 2309 1456; x_wconf 87' lang='lat' dir='ltr'><strong>est.</strong></span> <span class='ocrx_word' id='word_1_108' title='bbox 2400 1396 2455 1455; x_wconf 84' lang='grc'><strong>3.</strong></span> <span class='ocrx_word' id='word_1_109' title='bbox 2504 1391 2679 1472; x_wconf 88' lang='lat' dir='ltr'><strong>Quod</strong></span> <span class='ocrx_word' id='word_1_110' title='bbox 2721 1413 2793 1455; x_wconf 85' lang='lat' dir='ltr'><strong>ex</strong></span> <span class='ocrx_word' id='word_1_111' title='bbox 2831 1392 2931 1457; x_wconf 92' lang='lat' dir='ltr'><strong>illo</strong></span> <span class='ocrx_word' id='word_1_112' title='bbox 2974 1392 3119 1457; x_wconf 87' lang='lat' dir='ltr'><strong>Sole</strong></span> 
     </span>
     <span class='ocr_line' id='line_1_13' title="bbox 1013 1489 3115 1583; baseline -0.001 -25"><span class='ocrx_word' id='word_1_113' title='bbox 1013 1494 1295 1583; x_wconf 89' lang='lat' dir='ltr'><strong>procedat</strong></span> <span class='ocrx_word' id='word_1_114' title='bbox 1323 1493 1531 1568; x_wconf 90' lang='lat' dir='ltr'><strong>Calor,</strong></span> <span class='ocrx_word' id='word_1_115' title='bbox 1570 1494 1668 1579; x_wconf 86' lang='lat' dir='ltr'><strong>qni</strong></span> <span class='ocrx_word' id='word_1_116' title='bbox 1708 1493 1769 1556; x_wconf 90' lang='lat' dir='ltr'><strong>in</strong></span> <span class='ocrx_word' id='word_1_117' title='bbox 1809 1492 2058 1558; x_wconf 86' lang='lat' dir='ltr'><strong>essentia</strong></span> <span class='ocrx_word' id='word_1_118' title='bbox 2086 1511 2191 1556; x_wconf 87' lang='lat' dir='ltr'><strong>sua</strong></span> <span class='ocrx_word' id='word_1_119' title='bbox 2222 1501 2309 1556; x_wconf 89' lang='lat' dir='ltr'><strong>est</strong></span> <span class='ocrx_word' id='word_1_120' title='bbox 2336 1489 2554 1568; x_wconf 83' lang='lat' dir='ltr'><strong>Amor,</strong></span> <span class='ocrx_word' id='word_1_121' title='bbox 2590 1502 2650 1556; x_wconf 91' lang='lat' dir='ltr'><strong>et</strong></span> <span class='ocrx_word' id='word_1_122' title='bbox 2693 1493 2817 1556; x_wconf 87' lang='lat' dir='ltr'><strong>Lux</strong></span> <span class='ocrx_word' id='word_1_123' title='bbox 2857 1514 3008 1580; x_wconf 86' lang='lat' dir='ltr'><strong>quae</strong></span> <span class='ocrx_word' id='word_1_124' title='bbox 3053 1493 3115 1555; x_wconf 89' lang='lat' dir='ltr'><strong>in</strong></span> 
     </span>
     <span class='ocr_line' id='line_1_14' title="bbox 1015 1591 3116 1678; baseline 0 -21"><span class='ocrx_word' id='word_1_125' title='bbox 1015 1595 1265 1659; x_wconf 84' lang='lat' dir='ltr'><strong>essentia</strong></span> <span class='ocrx_word' id='word_1_126' title='bbox 1307 1615 1412 1658; x_wconf 92' lang='lat' dir='ltr'><strong>sua</strong></span> <span class='ocrx_word' id='word_1_127' title='bbox 1457 1602 1543 1658; x_wconf 87' lang='lat' dir='ltr'><strong>est</strong></span> <span class='ocrx_word' id='word_1_128' title='bbox 1579 1592 1903 1678; x_wconf 88' lang='lat' dir='ltr'><strong>Sapientia.</strong></span> <span class='ocrx_word' id='word_1_129' title='bbox 1988 1595 2041 1655; x_wconf 76' lang='lat'><strong>4.</strong></span> <span class='ocrx_word' id='word_1_130' title='bbox 2088 1591 2264 1671; x_wconf 87' lang='lat' dir='ltr'><strong>Quod</strong></span> <span class='ocrx_word' id='word_1_131' title='bbox 2310 1592 2445 1655; x_wconf 91' lang='lat' dir='ltr'><strong>inde</strong></span> <span class='ocrx_word' id='word_1_132' title='bbox 2488 1593 2683 1657; x_wconf 87' lang='lat' dir='ltr'><strong>omnia</strong></span> <span class='ocrx_word' id='word_1_133' title='bbox 2724 1613 2877 1677; x_wconf 88' lang='lat' dir='ltr'><strong>qnae</strong></span> <span class='ocrx_word' id='word_1_134' title='bbox 2916 1594 2977 1655; x_wconf 88' lang='lat' dir='ltr'><strong>in</strong></span> <span class='ocrx_word' id='word_1_135' title='bbox 3012 1592 3116 1657; x_wconf 92' lang='lat' dir='ltr'><strong>illo</strong></span> 
     </span>
     <span class='ocr_line' id='line_1_15' title="bbox 1013 1692 3119 1780; baseline -0.002 -19"><span class='ocrx_word' id='word_1_136' title='bbox 1013 1694 1240 1761; x_wconf 89' lang='lat' dir='ltr'><strong>Mundo</strong></span> <span class='ocrx_word' id='word_1_137' title='bbox 1283 1702 1447 1769; x_wconf 91' lang='lat' dir='ltr'><strong>sunt,</strong></span> <span class='ocrx_word' id='word_1_138' title='bbox 1496 1693 1839 1780; x_wconf 89' lang='lat' dir='ltr'><strong>Spiritualia</strong></span> <span class='ocrx_word' id='word_1_139' title='bbox 1880 1693 2023 1768; x_wconf 86' lang='lat' dir='ltr'><strong>sint,</strong></span> <span class='ocrx_word' id='word_1_140' title='bbox 2063 1700 2123 1754; x_wconf 89' lang='lat' dir='ltr'><strong>et</strong></span> <span class='ocrx_word' id='word_1_141' title='bbox 2161 1692 2416 1756; x_wconf 89' lang='lat' dir='ltr'><strong>afficiant</strong></span> <span class='ocrx_word' id='word_1_142' title='bbox 2445 1692 2752 1756; x_wconf 83' lang='lat' dir='ltr'><strong>Internum</strong></span> <span class='ocrx_word' id='word_1_143' title='bbox 2796 1694 3119 1767; x_wconf 87' lang='lat' dir='ltr'><strong>bominem,</strong></span> 
     </span>
     <span class='ocr_line' id='line_1_16' title="bbox 1009 1791 3115 1879; baseline -0.001 -21"><span class='ocrx_word' id='word_1_144' title='bbox 1009 1805 1069 1858; x_wconf 86' lang='lat' dir='ltr'><strong>et</strong></span> <span class='ocrx_word' id='word_1_145' title='bbox 1097 1795 1318 1860; x_wconf 85' lang='lat' dir='ltr'><strong>saciant</strong></span> <span class='ocrx_word' id='word_1_146' title='bbox 1357 1794 1484 1879; x_wconf 87' lang='lat' dir='ltr'><strong>ejus</strong></span> <span class='ocrx_word' id='word_1_147' title='bbox 1509 1793 1892 1859; x_wconf 85' lang='lat' dir='ltr'><strong>Voluntatem</strong></span> <span class='ocrx_word' id='word_1_148' title='bbox 1934 1803 1991 1857; x_wconf 87' lang='lat' dir='ltr'><strong>et</strong></span> <span class='ocrx_word' id='word_1_149' title='bbox 2034 1791 2424 1856; x_wconf 86' lang='lat' dir='ltr'><strong>Intellectum.</strong></span> <span class='ocrx_word' id='word_1_150' title='bbox 2513 1797 2570 1855; x_wconf 80' lang='lat'><strong>5.</strong></span> <span class='ocrx_word' id='word_1_151' title='bbox 2618 1791 2793 1870; x_wconf 85' lang='lat' dir='ltr'><strong>Quod</strong></span> <span class='ocrx_word' id='word_1_152' title='bbox 2832 1792 3115 1858; x_wconf 84' lang='lat' dir='ltr'><strong>Jehovab</strong></span> 
     </span>
     <span class='ocr_line' id='line_1_17' title="bbox 1011 1892 3117 1980; baseline -0.001 -20"><span class='ocrx_word' id='word_1_153' title='bbox 1011 1895 1176 1960; x_wconf 90' lang='lat' dir='ltr'><strong>Deus</strong></span> <span class='ocrx_word' id='word_1_154' title='bbox 1215 1916 1287 1958; x_wconf 83' lang='lat' dir='ltr'><strong>ex</strong></span> <span class='ocrx_word' id='word_1_155' title='bbox 1328 1917 1436 1959; x_wconf 92' lang='lat' dir='ltr'><strong>suo</strong></span> <span class='ocrx_word' id='word_1_156' title='bbox 1468 1894 1607 1959; x_wconf 88' lang='lat' dir='ltr'><strong>Sole</strong></span> <span class='ocrx_word' id='word_1_157' title='bbox 1643 1916 1765 1957; x_wconf 89' lang='lat' dir='ltr'><strong>non</strong></span> <span class='ocrx_word' id='word_1_158' title='bbox 1808 1892 1985 1957; x_wconf 91' lang='lat' dir='ltr'><strong>modo</strong></span> <span class='ocrx_word' id='word_1_159' title='bbox 2027 1892 2367 1980; x_wconf 85' lang='lat' dir='ltr'><strong>produxerit</strong></span> <span class='ocrx_word' id='word_1_160' title='bbox 2396 1893 2684 1958; x_wconf 87' lang='lat' dir='ltr'><strong>Mundum</strong></span> <span class='ocrx_word' id='word_1_161' title='bbox 2714 1892 3117 1979; x_wconf 87' lang='lat' dir='ltr'><strong>Spiritualem,</strong></span> 
     </span>
     <span class='ocr_line' id='line_1_18' title="bbox 1014 1993 3120 2081; baseline 0 -24"><span class='ocrx_word' id='word_1_162' title='bbox 1014 2005 1072 2057; x_wconf 91' lang='lat' dir='ltr'><strong>et</strong></span> <span class='ocrx_word' id='word_1_163' title='bbox 1102 1995 1299 2058; x_wconf 91' lang='lat' dir='ltr'><strong>omnia</strong></span> <span class='ocrx_word' id='word_1_164' title='bbox 1327 1994 1668 2081; x_wconf 89' lang='lat' dir='ltr'><strong>Spiritualia</strong></span> <span class='ocrx_word' id='word_1_165' title='bbox 1696 1994 1855 2076; x_wconf 81' lang='lat' dir='ltr'><strong>ejus,</strong></span> <span class='ocrx_word' id='word_1_166' title='bbox 1891 2014 2046 2081; x_wconf 72' lang='lat' dir='ltr'><strong>quoe</strong></span> <span class='ocrx_word' id='word_1_167' title='bbox 2071 1993 2523 2057; x_wconf 87' lang='lat' dir='ltr'><strong>innumerabilia</strong></span> <span class='ocrx_word' id='word_1_168' title='bbox 2551 2003 2717 2069; x_wconf 91' lang='lat' dir='ltr'><strong>sunt,</strong></span> <span class='ocrx_word' id='word_1_169' title='bbox 2760 2002 2818 2057; x_wconf 87' lang='lat' dir='ltr'><strong>et</strong></span> <span class='ocrx_word' id='word_1_170' title='bbox 2843 1995 3120 2059; x_wconf 85' lang='lat' dir='ltr'><strong>substan-</strong></span> 
     </span>
     <span class='ocr_line' id='line_1_19' title="bbox 1009 2094 3117 2181; baseline 0.001 -24"><span class='ocrx_word' id='word_1_171' title='bbox 1009 2094 1202 2170; x_wconf 88' lang='lat' dir='ltr'><strong>tialia,</strong></span> <span class='ocrx_word' id='word_1_172' title='bbox 1240 2096 1341 2158; x_wconf 89' lang='lat' dir='ltr'><strong>sed</strong></span> <span class='ocrx_word' id='word_1_173' title='bbox 1371 2094 1547 2158; x_wconf 89' lang='lat' dir='ltr'><strong>etiam</strong></span> <span class='ocrx_word' id='word_1_174' title='bbox 1579 2094 1737 2181; x_wconf 89' lang='lat' dir='ltr'><strong>quod</strong></span> <span class='ocrx_word' id='word_1_175' title='bbox 1766 2094 2107 2180; x_wconf 84' lang='lat' dir='ltr'><strong>produxerit</strong></span> <span class='ocrx_word' id='word_1_176' title='bbox 2133 2094 2422 2158; x_wconf 87' lang='lat' dir='ltr'><strong>Mundum</strong></span> <span class='ocrx_word' id='word_1_177' title='bbox 2454 2094 2804 2170; x_wconf 86' lang='lat' dir='ltr'><strong>naturalem,</strong></span> <span class='ocrx_word' id='word_1_178' title='bbox 2832 2104 2890 2159; x_wconf 86' lang='lat' dir='ltr'><strong>et</strong></span> <span class='ocrx_word' id='word_1_179' title='bbox 2915 2095 3117 2181; x_wconf 80' lang='lat' dir='ltr'><strong>omnia</strong></span> 
     </span>
     <span class='ocr_line' id='line_1_20' title="bbox 1011 2192 3114 2281; baseline 0 -24"><span class='ocrx_word' id='word_1_180' title='bbox 1011 2194 1302 2259; x_wconf 87' lang='lat' dir='ltr'><strong>naturalia</strong></span> <span class='ocrx_word' id='word_1_181' title='bbox 1332 2196 1484 2281; x_wconf 90' lang='lat' dir='ltr'><strong>ejus,</strong></span> <span class='ocrx_word' id='word_1_182' title='bbox 1529 2216 1683 2278; x_wconf 90' lang='lat' dir='ltr'><strong>quae</strong></span> <span class='ocrx_word' id='word_1_183' title='bbox 1711 2195 1889 2257; x_wconf 89' lang='lat' dir='ltr'><strong>etiam</strong></span> <span class='ocrx_word' id='word_1_184' title='bbox 1924 2192 2374 2257; x_wconf 86' lang='lat' dir='ltr'><strong>innumerabilia</strong></span> <span class='ocrx_word' id='word_1_185' title='bbox 2412 2203 2581 2269; x_wconf 90' lang='lat' dir='ltr'><strong>sunt,</strong></span> <span class='ocrx_word' id='word_1_186' title='bbox 2620 2195 2722 2257; x_wconf 89' lang='lat' dir='ltr'><strong>sed</strong></span> <span class='ocrx_word' id='word_1_187' title='bbox 2767 2194 3114 2259; x_wconf 88' lang='lat' dir='ltr'><strong>materialia.</strong></span> 
     </span>
     <span class='ocr_line' id='line_1_21' title="bbox 1017 2293 3117 2381; baseline -0 -23"><span class='ocrx_word' id='word_1_188' title='bbox 1017 2300 1072 2358; x_wconf 83' lang='grc'><strong>6.</strong></span> <span class='ocrx_word' id='word_1_189' title='bbox 1110 2293 1285 2373; x_wconf 87' lang='lat' dir='ltr'><strong>Quod</strong></span> <span class='ocrx_word' id='word_1_190' title='bbox 1315 2296 1601 2360; x_wconf 87' lang='lat' dir='ltr'><strong>hactenus</strong></span> <span class='ocrx_word' id='word_1_191' title='bbox 1627 2316 1748 2358; x_wconf 89' lang='lat' dir='ltr'><strong>non</strong></span> <span class='ocrx_word' id='word_1_192' title='bbox 1780 2294 1989 2381; x_wconf 89' lang='lat' dir='ltr'><strong>aliquis</strong></span> <span class='ocrx_word' id='word_1_193' title='bbox 2013 2294 2250 2358; x_wconf 87' lang='lat' dir='ltr'><strong>sciverit</strong></span> <span class='ocrx_word' id='word_1_194' title='bbox 2279 2293 2588 2358; x_wconf 85' lang='lat' dir='ltr'><strong>discrimen</strong></span> <span class='ocrx_word' id='word_1_195' title='bbox 2618 2295 2770 2359; x_wconf 88' lang='lat' dir='ltr'><strong>inter</strong></span> <span class='ocrx_word' id='word_1_196' title='bbox 2796 2294 3117 2379; x_wconf 88' lang='lat' dir='ltr'><strong>Spirituale</strong></span> 
     </span>
     <span class='ocr_line' id='line_1_22' title="bbox 1008 2394 3115 2483; baseline -0 -23"><span class='ocrx_word' id='word_1_197' title='bbox 1008 2406 1067 2460; x_wconf 90' lang='lat' dir='ltr'><strong>et</strong></span> <span class='ocrx_word' id='word_1_198' title='bbox 1093 2395 1415 2471; x_wconf 85' lang='lat' dir='ltr'><strong>Naturale,</strong></span> <span class='ocrx_word' id='word_1_199' title='bbox 1453 2397 1573 2460; x_wconf 89' lang='lat' dir='ltr'><strong>imo</strong></span> <span class='ocrx_word' id='word_1_200' title='bbox 1600 2417 1713 2459; x_wconf 88' lang='lat' dir='ltr'><strong>nec</strong></span> <span class='ocrx_word' id='word_1_201' title='bbox 1741 2396 1879 2483; x_wconf 88' lang='lat' dir='ltr'><strong>quid</strong></span> <span class='ocrx_word' id='word_1_202' title='bbox 1906 2394 2222 2481; x_wconf 86' lang='lat' dir='ltr'><strong>Spirituale</strong></span> <span class='ocrx_word' id='word_1_203' title='bbox 2250 2395 2309 2459; x_wconf 89' lang='lat' dir='ltr'><strong>in</strong></span> <span class='ocrx_word' id='word_1_204' title='bbox 2337 2416 2442 2459; x_wconf 88' lang='lat' dir='ltr'><strong>sua</strong></span> <span class='ocrx_word' id='word_1_205' title='bbox 2472 2396 2738 2461; x_wconf 86' lang='lat' dir='ltr'><strong>essentia.</strong></span> <span class='ocrx_word' id='word_1_206' title='bbox 2811 2401 2867 2459; x_wconf 76' lang='lat'><strong>7.</strong></span> <span class='ocrx_word' id='word_1_207' title='bbox 2898 2397 3115 2483; x_wconf 86' lang='lat' dir='ltr'><strong>Neque</strong></span> 
     </span>
     <span class='ocr_line' id='line_1_23' title="bbox 1008 2493 3117 2585; baseline 0.001 -25"><span class='ocrx_word' id='word_1_208' title='bbox 1008 2495 1166 2582; x_wconf 89' lang='lat' dir='ltr'><strong>quod</strong></span> <span class='ocrx_word' id='word_1_209' title='bbox 1211 2506 1330 2560; x_wconf 89' lang='lat' dir='ltr'><strong>tres</strong></span> <span class='ocrx_word' id='word_1_210' title='bbox 1368 2495 1606 2560; x_wconf 89' lang='lat' dir='ltr'><strong>Gradus</strong></span> <span class='ocrx_word' id='word_1_211' title='bbox 1650 2493 1885 2561; x_wconf 87' lang='lat' dir='ltr'><strong>Amoris</strong></span> <span class='ocrx_word' id='word_1_212' title='bbox 1924 2504 1981 2560; x_wconf 91' lang='lat' dir='ltr'><strong>et</strong></span> <span class='ocrx_word' id='word_1_213' title='bbox 2018 2495 2356 2580; x_wconf 87' lang='lat' dir='ltr'><strong>Sapientiae</strong></span> <span class='ocrx_word' id='word_1_214' title='bbox 2395 2496 2542 2573; x_wconf 90' lang='lat' dir='ltr'><strong>sint,</strong></span> <span class='ocrx_word' id='word_1_215' title='bbox 2601 2497 2923 2562; x_wconf 84' lang='lat' dir='ltr'><strong>secundum</strong></span> <span class='ocrx_word' id='word_1_216' title='bbox 2962 2517 3117 2585; x_wconf 84' lang='lat' dir='ltr'><strong>quos</strong></span> 
     </span>
     <span class='ocr_line' id='line_1_24' title="bbox 1005 2595 3116 2682; baseline 0 -22"><span class='ocrx_word' id='word_1_217' title='bbox 1005 2596 1168 2660; x_wconf 87' lang='lat' dir='ltr'><strong>Caeli</strong></span> <span class='ocrx_word' id='word_1_218' title='bbox 1195 2596 1446 2682; x_wconf 86' lang='lat' dir='ltr'><strong>angelici</strong></span> <span class='ocrx_word' id='word_1_219' title='bbox 1474 2596 1729 2661; x_wconf 90' lang='lat' dir='ltr'><strong>ordinati</strong></span> <span class='ocrx_word' id='word_1_220' title='bbox 1756 2606 1908 2661; x_wconf 85' lang='lat' dir='ltr'><strong>sunt.</strong></span> <span class='ocrx_word' id='word_1_221' title='bbox 1993 2600 2049 2659; x_wconf 84' lang='lat'><strong>8.</strong></span> <span class='ocrx_word' id='word_1_222' title='bbox 2099 2596 2172 2660; x_wconf 91' lang='lat' dir='ltr'><strong>Et</strong></span> <span class='ocrx_word' id='word_1_223' title='bbox 2203 2595 2361 2682; x_wconf 88' lang='lat' dir='ltr'><strong>quod</strong></span> <span class='ocrx_word' id='word_1_224' title='bbox 2389 2597 2561 2660; x_wconf 89' lang='lat' dir='ltr'><strong>Mens</strong></span> <span class='ocrx_word' id='word_1_225' title='bbox 2600 2596 2864 2662; x_wconf 68' lang='lat' dir='ltr'><strong>humana</strong></span> <span class='ocrx_word' id='word_1_226' title='bbox 2886 2597 2946 2661; x_wconf 92' lang='lat' dir='ltr'><strong>in</strong></span> <span class='ocrx_word' id='word_1_227' title='bbox 2974 2598 3116 2661; x_wconf 87' lang='lat' dir='ltr'><strong>toti-</strong></span> 
     </span>
     <span class='ocr_line' id='line_1_25' title="bbox 1005 2696 3118 2782; baseline 0.001 -22"><span class='ocrx_word' id='word_1_228' title='bbox 1005 2696 1138 2760; x_wconf 90' lang='lat' dir='ltr'><strong>dem</strong></span> <span class='ocrx_word' id='word_1_229' title='bbox 1167 2698 1386 2782; x_wconf 91' lang='lat' dir='ltr'><strong>gradus</strong></span> <span class='ocrx_word' id='word_1_230' title='bbox 1415 2697 1688 2761; x_wconf 90' lang='lat' dir='ltr'><strong>distincta</strong></span> <span class='ocrx_word' id='word_1_231' title='bbox 1719 2696 1823 2771; x_wconf 88' lang='lat' dir='ltr'><strong>sit,</strong></span> <span class='ocrx_word' id='word_1_232' title='bbox 1868 2697 1949 2762; x_wconf 88' lang='lat' dir='ltr'><strong>ob</strong></span> <span class='ocrx_word' id='word_1_233' title='bbox 1990 2716 2228 2761; x_wconf 86' lang='lat' dir='ltr'><strong>causam</strong></span> <span class='ocrx_word' id='word_1_234' title='bbox 2270 2704 2334 2759; x_wconf 87' lang='lat' dir='ltr'><strong>ut</strong></span> <span class='ocrx_word' id='word_1_235' title='bbox 2377 2697 2556 2780; x_wconf 88' lang='lat' dir='ltr'><strong>possit</strong></span> <span class='ocrx_word' id='word_1_236' title='bbox 2595 2696 2656 2760; x_wconf 89' lang='lat' dir='ltr'><strong>in</strong></span> <span class='ocrx_word' id='word_1_237' title='bbox 2685 2718 2867 2762; x_wconf 91' lang='lat' dir='ltr'><strong>unum</strong></span> <span class='ocrx_word' id='word_1_238' title='bbox 2910 2719 2980 2761; x_wconf 86' lang='lat' dir='ltr'><strong>ex</strong></span> <span class='ocrx_word' id='word_1_239' title='bbox 3006 2697 3118 2762; x_wconf 86' lang='lat' dir='ltr'><strong>tri-</strong></span> 
     </span>
     <span class='ocr_line' id='line_1_26' title="bbox 1004 2795 3117 2886; baseline 0.001 -26"><span class='ocrx_word' id='word_1_240' title='bbox 1004 2798 1114 2862; x_wconf 84' lang='lat' dir='ltr'><strong>bus</strong></span> <span class='ocrx_word' id='word_1_241' title='bbox 1142 2797 1333 2862; x_wconf 89' lang='lat' dir='ltr'><strong>Caelis</strong></span> <span class='ocrx_word' id='word_1_242' title='bbox 1363 2806 1491 2886; x_wconf 90' lang='lat' dir='ltr'><strong>post</strong></span> <span class='ocrx_word' id='word_1_243' title='bbox 1523 2808 1775 2862; x_wconf 90' lang='lat' dir='ltr'><strong>mortem</strong></span> <span class='ocrx_word' id='word_1_244' title='bbox 1805 2796 2058 2871; x_wconf 87' lang='lat' dir='ltr'><strong>elevari,</strong></span> <span class='ocrx_word' id='word_1_245' title='bbox 2107 2795 2268 2883; x_wconf 90' lang='lat' dir='ltr'><strong>quod</strong></span> <span class='ocrx_word' id='word_1_246' title='bbox 2295 2795 2360 2858; x_wconf 84' lang='lat' dir='ltr'><strong>fit</strong></span> <span class='ocrx_word' id='word_1_247' title='bbox 2397 2796 2720 2861; x_wconf 83' lang='lat' dir='ltr'><strong>secundum</strong></span> <span class='ocrx_word' id='word_1_248' title='bbox 2761 2798 2887 2881; x_wconf 81' lang='lat' dir='ltr'><strong>ejus</strong></span> <span class='ocrx_word' id='word_1_249' title='bbox 2924 2798 3117 2862; x_wconf 81' lang='lat' dir='ltr'><strong>vitam</strong></span> 
     </span>
     <span class='ocr_line' id='line_1_27' title="bbox 1009 2888 3121 2985; baseline 0.001 -26"><span class='ocrx_word' id='word_1_250' title='bbox 1009 2906 1067 2959; x_wconf 89' lang='lat' dir='ltr'><strong>et</strong></span> <span class='ocrx_word' id='word_1_251' title='bbox 1094 2898 1267 2960; x_wconf 78' lang='lat' dir='ltr'><strong>simul</strong></span> <span class='ocrx_word' id='word_1_252' title='bbox 1307 2896 1501 2960; x_wconf 82' lang='lat' dir='ltr'><strong>iidem.</strong></span> <span class='ocrx_word' id='word_1_253' title='bbox 1588 2904 1642 2962; x_wconf 82' lang='lat'><strong>9.</strong></span> <span class='ocrx_word' id='word_1_254' title='bbox 1694 2898 1767 2961; x_wconf 89' lang='lat' dir='ltr'><strong>Et</strong></span> <span class='ocrx_word' id='word_1_255' title='bbox 1798 2897 2083 2982; x_wconf 86' lang='lat' dir='ltr'><strong>denique,</strong></span> <span class='ocrx_word' id='word_1_256' title='bbox 2122 2895 2281 2980; x_wconf 90' lang='lat' dir='ltr'><strong>quod</strong></span> <span class='ocrx_word' id='word_1_257' title='bbox 2311 2895 2507 2959; x_wconf 90' lang='lat' dir='ltr'><strong>omnia</strong></span> <span class='ocrx_word' id='word_1_258' title='bbox 2537 2888 2783 2961; x_wconf 50' lang='lat' dir='ltr'><strong>illa&#39;non</strong></span> <span class='ocrx_word' id='word_1_259' title='bbox 2813 2895 3121 2985; x_wconf 87' lang='lat' dir='ltr'><strong>potuerint</strong></span> 
     </span>
     <span class='ocr_line' id='line_1_28' title="bbox 1008 2996 3127 3085; baseline 0.001 -27"><span class='ocrx_word' id='word_1_260' title='bbox 1008 2997 1206 3079; x_wconf 88' lang='lat' dir='ltr'><strong>quoad</strong></span> <span class='ocrx_word' id='word_1_261' title='bbox 1242 3019 1424 3060; x_wconf 89' lang='lat' dir='ltr'><strong>unum</strong></span> <span class='ocrx_word' id='word_1_262' title='bbox 1457 3006 1736 3083; x_wconf 87' lang='lat' dir='ltr'><strong>punctum</strong></span> <span class='ocrx_word' id='word_1_263' title='bbox 1768 2998 2051 3072; x_wconf 85' lang='lat' dir='ltr'><strong>existere,</strong></span> <span class='ocrx_word' id='word_1_264' title='bbox 2104 2999 2213 3061; x_wconf 89' lang='lat' dir='ltr'><strong>nisi</strong></span> <span class='ocrx_word' id='word_1_265' title='bbox 2256 3018 2287 3059; x_wconf 84' lang='lat' dir='ltr'><strong>a</strong></span> <span class='ocrx_word' id='word_1_266' title='bbox 2333 2996 2557 3059; x_wconf 82' lang='lat' dir='ltr'><strong>Divino</strong></span> <span class='ocrx_word' id='word_1_267' title='bbox 2597 2997 2772 3073; x_wconf 84' lang='lat' dir='ltr'><strong>Esse,</strong></span> <span class='ocrx_word' id='word_1_268' title='bbox 2824 2997 2982 3085; x_wconf 88' lang='lat' dir='ltr'><strong>quod</strong></span> <span class='ocrx_word' id='word_1_269' title='bbox 3029 3005 3127 3063; x_wconf 78' lang='lat' dir='ltr'><strong>est:</strong></span> 
     </span>
     <span class='ocr_line' id='line_1_29' title="bbox 1017 3094 3129 3184; baseline 0.002 -26"><span class='ocrx_word' id='word_1_270' title='bbox 1017 3095 1218 3180; x_wconf 87' lang='lat' dir='ltr'><strong>Ipsum</strong></span> <span class='ocrx_word' id='word_1_271' title='bbox 1250 3094 1307 3158; x_wconf 91' lang='lat' dir='ltr'><strong>in</strong></span> <span class='ocrx_word' id='word_1_272' title='bbox 1336 3118 1429 3172; x_wconf 91' lang='lat' dir='ltr'><strong>se,</strong></span> <span class='ocrx_word' id='word_1_273' title='bbox 1473 3097 1641 3161; x_wconf 86' lang='lat' dir='ltr'><strong>etsie</strong></span> <span class='ocrx_word' id='word_1_274' title='bbox 1668 3095 1932 3162; x_wconf 87' lang='lat' dir='ltr'><strong>Primum</strong></span> <span class='ocrx_word' id='word_1_275' title='bbox 1964 3106 2022 3160; x_wconf 88' lang='lat' dir='ltr'><strong>et</strong></span> <span class='ocrx_word' id='word_1_276' title='bbox 2052 3097 2414 3184; x_wconf 86' lang='lat' dir='ltr'><strong>Principium</strong></span> <span class='ocrx_word' id='word_1_277' title='bbox 2445 3118 2514 3160; x_wconf 86' lang='lat' dir='ltr'><strong>ex</strong></span> <span class='ocrx_word' id='word_1_278' title='bbox 2540 3118 2656 3182; x_wconf 90' lang='lat' dir='ltr'><strong>quo</strong></span> <span class='ocrx_word' id='word_1_279' title='bbox 2686 3099 2903 3163; x_wconf 86' lang='lat' dir='ltr'><strong>omnia.</strong></span> <span class='ocrx_word' id='word_1_280' title='bbox 2976 3096 3129 3163; x_wconf 75' lang='lat' dir='ltr'><strong>Hae</strong></span> 
     </span>
     <span class='ocr_line' id='line_1_30' title="bbox 1005 3194 3132 3283; baseline 0.003 -25"><span class='ocrx_word' id='word_1_281' title='bbox 1005 3195 1375 3280; x_wconf 85' lang='lat' dir='ltr'><strong>cognitiones</strong></span> <span class='ocrx_word' id='word_1_282' title='bbox 1414 3196 1700 3261; x_wconf 88' lang='lat' dir='ltr'><strong>hactenus</strong></span> <span class='ocrx_word' id='word_1_283' title='bbox 1738 3194 2085 3271; x_wconf 82' lang='lat' dir='ltr'><strong>defuerunt,</strong></span> <span class='ocrx_word' id='word_1_284' title='bbox 2141 3217 2243 3283; x_wconf 90' lang='lat' dir='ltr'><strong>per</strong></span> <span class='ocrx_word' id='word_1_285' title='bbox 2286 3219 2432 3283; x_wconf 89' lang='lat' dir='ltr'><strong>quas</strong></span> <span class='ocrx_word' id='word_1_286' title='bbox 2474 3207 2668 3260; x_wconf 86' lang='lat' dir='ltr'><strong>tamen</strong></span> <span class='ocrx_word' id='word_1_287' title='bbox 2700 3197 2879 3263; x_wconf 86' lang='lat' dir='ltr'><strong>homo</strong></span> <span class='ocrx_word' id='word_1_288' title='bbox 2906 3218 3132 3264; x_wconf 81' lang='lat' dir='ltr'><strong>ascen-</strong></span> 
     </span>
     <span class='ocr_line' id='line_1_31' title="bbox 1009 3295 3132 3383; baseline 0.003 -25"><span class='ocrx_word' id='word_1_289' title='bbox 1009 3295 1144 3370; x_wconf 90' lang='lat' dir='ltr'><strong>det,</strong></span> <span class='ocrx_word' id='word_1_290' title='bbox 1195 3305 1253 3358; x_wconf 93' lang='lat' dir='ltr'><strong>et</strong></span> <span class='ocrx_word' id='word_1_291' title='bbox 1292 3296 1570 3360; x_wconf 86' lang='lat' dir='ltr'><strong>Divinum</strong></span> <span class='ocrx_word' id='word_1_292' title='bbox 1617 3296 1760 3362; x_wconf 85' lang='lat' dir='ltr'><strong>Esse</strong></span> <span class='ocrx_word' id='word_1_293' title='bbox 1801 3305 2138 3381; x_wconf 88' lang='lat' dir='ltr'><strong>cognoscet.</strong></span> <span class='ocrx_word' id='word_1_294' title='bbox 2207 3296 2469 3372; x_wconf 88' lang='lat' dir='ltr'><strong>Dicitur,</strong></span> <span class='ocrx_word' id='word_1_295' title='bbox 2512 3298 2670 3383; x_wconf 89' lang='lat' dir='ltr'><strong>quod</strong></span> <span class='ocrx_word' id='word_1_296' title='bbox 2697 3297 2877 3362; x_wconf 89' lang='lat' dir='ltr'><strong>homo</strong></span> <span class='ocrx_word' id='word_1_297' title='bbox 2908 3318 3132 3364; x_wconf 85' lang='lat' dir='ltr'><strong>ascen-</strong></span> 
     </span>
     <span class='ocr_line' id='line_1_32' title="bbox 1008 3395 3135 3482; baseline 0.001 -23"><span class='ocrx_word' id='word_1_298' title='bbox 1008 3397 1144 3471; x_wconf 92' lang='lat' dir='ltr'><strong>dat,</strong></span> <span class='ocrx_word' id='word_1_299' title='bbox 1196 3397 1297 3460; x_wconf 88' lang='lat' dir='ltr'><strong>sed</strong></span> <span class='ocrx_word' id='word_1_300' title='bbox 1330 3395 1674 3482; x_wconf 85' lang='lat' dir='ltr'><strong>intelligitur</strong></span> <span class='ocrx_word' id='word_1_301' title='bbox 1703 3395 1861 3482; x_wconf 89' lang='lat' dir='ltr'><strong>quod</strong></span> <span class='ocrx_word' id='word_1_302' title='bbox 1889 3417 1923 3459; x_wconf 86' lang='lat' dir='ltr'><strong>a</strong></span> <span class='ocrx_word' id='word_1_303' title='bbox 1955 3396 2088 3459; x_wconf 90' lang='lat' dir='ltr'><strong>Deo</strong></span> <span class='ocrx_word' id='word_1_304' title='bbox 2114 3397 2413 3470; x_wconf 75' lang='lat' dir='ltr'><strong>elevetur3</strong></span> <span class='ocrx_word' id='word_1_305' title='bbox 2460 3418 2598 3462; x_wconf 89' lang='lat' dir='ltr'><strong>nam</strong></span> <span class='ocrx_word' id='word_1_306' title='bbox 2638 3397 2862 3462; x_wconf 87' lang='lat' dir='ltr'><strong>homini</strong></span> <span class='ocrx_word' id='word_1_307' title='bbox 2902 3406 2988 3462; x_wconf 88' lang='lat' dir='ltr'><strong>est</strong></span> <span class='ocrx_word' id='word_1_308' title='bbox 3016 3397 3135 3462; x_wconf 79' lang='lat' dir='ltr'><strong>Li-</strong></span> 
     </span>
     <span class='ocr_line' id='line_1_33' title="bbox 1006 3495 3135 3586; baseline 0.002 -26"><span class='ocrx_word' id='word_1_309' title='bbox 1006 3497 1216 3562; x_wconf 88' lang='lat' dir='ltr'><strong>berum</strong></span> <span class='ocrx_word' id='word_1_310' title='bbox 1247 3497 1554 3561; x_wconf 86' lang='lat' dir='ltr'><strong>arbitrium</strong></span> <span class='ocrx_word' id='word_1_311' title='bbox 1587 3495 1971 3584; x_wconf 89' lang='lat' dir='ltr'><strong>comparandi</strong></span> <span class='ocrx_word' id='word_1_312' title='bbox 1999 3495 2110 3560; x_wconf 91' lang='lat' dir='ltr'><strong>sibi</strong></span> <span class='ocrx_word' id='word_1_313' title='bbox 2139 3495 2550 3581; x_wconf 75' lang='lat' dir='ltr'><strong>CognitioneS,</strong></span> <span class='ocrx_word' id='word_1_314' title='bbox 2596 3508 2656 3561; x_wconf 89' lang='lat' dir='ltr'><strong>et</strong></span> <span class='ocrx_word' id='word_1_315' title='bbox 2681 3498 2832 3563; x_wconf 91' lang='lat' dir='ltr'><strong>sicut</strong></span> <span class='ocrx_word' id='word_1_316' title='bbox 2872 3519 3135 3586; x_wconf 79' lang='lat' dir='ltr'><strong>compa-</strong></span> 
     </span>
     <span class='ocr_line' id='line_1_34' title="bbox 1006 3595 3135 3686; baseline 0.002 -26"><span class='ocrx_word' id='word_1_317' title='bbox 1006 3607 1099 3660; x_wconf 89' lang='lat' dir='ltr'><strong>rat</strong></span> <span class='ocrx_word' id='word_1_318' title='bbox 1127 3596 1235 3660; x_wconf 89' lang='lat' dir='ltr'><strong>sibi</strong></span> <span class='ocrx_word' id='word_1_319' title='bbox 1264 3598 1394 3662; x_wconf 89' lang='lat' dir='ltr'><strong>illas</strong></span> <span class='ocrx_word' id='word_1_320' title='bbox 1420 3618 1492 3661; x_wconf 84' lang='lat' dir='ltr'><strong>ex</strong></span> <span class='ocrx_word' id='word_1_321' title='bbox 1519 3597 1742 3670; x_wconf 85' lang='lat' dir='ltr'><strong>Verbo,</strong></span> <span class='ocrx_word' id='word_1_322' title='bbox 1790 3595 1982 3660; x_wconf 89' lang='lat' dir='ltr'><strong>medio</strong></span> <span class='ocrx_word' id='word_1_323' title='bbox 2011 3595 2343 3672; x_wconf 88' lang='lat' dir='ltr'><strong>Intellectn,</strong></span> <span class='ocrx_word' id='word_1_324' title='bbox 2382 3598 2463 3662; x_wconf 88' lang='lat' dir='ltr'><strong>ita</strong></span> <span class='ocrx_word' id='word_1_325' title='bbox 2493 3599 2768 3682; x_wconf 84' lang='lat' dir='ltr'><strong>explanat</strong></span> <span class='ocrx_word' id='word_1_326' title='bbox 2798 3598 2976 3673; x_wconf 86' lang='lat' dir='ltr'><strong>viam,</strong></span> <span class='ocrx_word' id='word_1_327' title='bbox 3007 3621 3135 3686; x_wconf 84' lang='lat' dir='ltr'><strong>per</strong></span> 
     </span>
     <span class='ocr_line' id='line_1_35' title="bbox 1003 3696 3135 3785; baseline 0.002 -24"><span class='ocrx_word' id='word_1_328' title='bbox 1003 3718 1183 3782; x_wconf 86' lang='lat' dir='ltr'><strong>quam</strong></span> <span class='ocrx_word' id='word_1_329' title='bbox 1215 3697 1378 3762; x_wconf 90' lang='lat' dir='ltr'><strong>Dens</strong></span> <span class='ocrx_word' id='word_1_330' title='bbox 1406 3696 1760 3772; x_wconf 89' lang='lat' dir='ltr'><strong>descendat,</strong></span> <span class='ocrx_word' id='word_1_331' title='bbox 1810 3715 1879 3759; x_wconf 91' lang='lat' dir='ltr'><strong>ac</strong></span> <span class='ocrx_word' id='word_1_332' title='bbox 1905 3696 2066 3760; x_wconf 73' lang='lat' dir='ltr'><strong>illurn</strong></span> <span class='ocrx_word' id='word_1_333' title='bbox 2097 3699 2306 3762; x_wconf 87' lang='lat' dir='ltr'><strong>elevet.</strong></span> <span class='ocrx_word' id='word_1_334' title='bbox 2376 3699 2790 3784; x_wconf 85' lang='lat' dir='ltr'><strong>Cognitiones‚</strong></span> <span class='ocrx_word' id='word_1_335' title='bbox 2835 3721 2940 3785; x_wconf 88' lang='lat' dir='ltr'><strong>per</strong></span> <span class='ocrx_word' id='word_1_336' title='bbox 2967 3720 3135 3784; x_wconf 83' lang='lat' dir='ltr'><strong>quas</strong></span> 
     </span>
     <span class='ocr_line' id='line_1_36' title="bbox 1004 3795 3134 3875; baseline 0.003 -16"><span class='ocrx_word' id='word_1_337' title='bbox 1004 3795 1070 3860; x_wconf 83' lang='lat' dir='ltr'><strong>fit</strong></span> <span class='ocrx_word' id='word_1_338' title='bbox 1098 3796 1430 3862; x_wconf 74' lang='lat' dir='ltr'><strong>Intellectui</strong></span> <span class='ocrx_word' id='word_1_339' title='bbox 1457 3798 1719 3861; x_wconf 86' lang='lat' dir='ltr'><strong>humano</strong></span> <span class='ocrx_word' id='word_1_340' title='bbox 1746 3817 2049 3874; x_wconf 85' lang='lat' dir='ltr'><strong>ascensus,</strong></span> <span class='ocrx_word' id='word_1_341' title='bbox 2094 3799 2225 3863; x_wconf 88' lang='lat' dir='ltr'><strong>Deo</strong></span> <span class='ocrx_word' id='word_1_342' title='bbox 2253 3807 2493 3862; x_wconf 88' lang='lat' dir='ltr'><strong>tenente</strong></span> <span class='ocrx_word' id='word_1_343' title='bbox 2526 3798 2689 3863; x_wconf 90' lang='lat' dir='ltr'><strong>illum</strong></span> <span class='ocrx_word' id='word_1_344' title='bbox 2721 3800 2782 3862; x_wconf 90' lang='lat' dir='ltr'><strong>in</strong></span> <span class='ocrx_word' id='word_1_345' title='bbox 2812 3820 3009 3875; x_wconf 90' lang='lat' dir='ltr'><strong>manu,</strong></span> <span class='ocrx_word' id='word_1_346' title='bbox 3059 3809 3134 3865; x_wconf 82' lang='lat' dir='ltr'><strong>et</strong></span> 
     </span>
     <span class='ocr_line' id='line_1_37' title="bbox 1003 3895 3133 3985; baseline 0.003 -26"><span class='ocrx_word' id='word_1_347' title='bbox 1003 3895 1286 3972; x_wconf 86' lang='lat' dir='ltr'><strong>ducente,</strong></span> <span class='ocrx_word' id='word_1_348' title='bbox 1313 3898 1642 3984; x_wconf 91' lang='lat' dir='ltr'><strong>comparari</strong></span> <span class='ocrx_word' id='word_1_349' title='bbox 1674 3907 1909 3984; x_wconf 86' lang='lat' dir='ltr'><strong>possunt</strong></span> <span class='ocrx_word' id='word_1_350' title='bbox 1935 3899 2217 3984; x_wconf 84' lang='lat' dir='ltr'><strong>gradibus</strong></span> <span class='ocrx_word' id='word_1_351' title='bbox 2244 3897 2454 3963; x_wconf 84' lang='lat' dir='ltr'><strong>Scalae</strong></span> <span class='ocrx_word' id='word_1_352' title='bbox 2483 3899 2645 3964; x_wconf 84' lang='lat' dir='ltr'><strong>visae</strong></span> <span class='ocrx_word' id='word_1_353' title='bbox 2672 3899 2930 3976; x_wconf 89' lang='lat' dir='ltr'><strong>Jacobo,</strong></span> <span class='ocrx_word' id='word_1_354' title='bbox 2959 3920 3133 3985; x_wconf 79' lang='lat' dir='ltr'><strong>quae</strong></span> 
     </span>
     <span class='ocr_line' id='line_1_38' title="bbox 997 3995 3129 4088; baseline 0.002 -27"><span class='ocrx_word' id='word_1_355' title='bbox 997 3995 1110 4061; x_wconf 86' lang='lat' dir='ltr'><strong>fnit</strong></span> <span class='ocrx_word' id='word_1_356' title='bbox 1137 4005 1333 4062; x_wconf 89' lang='lat' dir='ltr'><strong>erecta</strong></span> <span class='ocrx_word' id='word_1_357' title='bbox 1361 4019 1538 4086; x_wconf 86' lang='lat' dir='ltr'><strong>snper</strong></span> <span class='ocrx_word' id='word_1_358' title='bbox 1564 4008 1783 4062; x_wconf 87' lang='lat' dir='ltr'><strong>terram</strong></span> <span class='ocrx_word' id='word_1_359' title='bbox 1803 4047 1820 4076; x_wconf 91' lang='lat'><strong>,</strong></span> <span class='ocrx_word' id='word_1_360' title='bbox 1867 4000 2032 4086; x_wconf 88' lang='lat' dir='ltr'><strong>cujus</strong></span> <span class='ocrx_word' id='word_1_361' title='bbox 2060 4007 2238 4085; x_wconf 90' lang='lat' dir='ltr'><strong>caput</strong></span> <span class='ocrx_word' id='word_1_362' title='bbox 2267 3999 2500 4085; x_wconf 86' lang='lat' dir='ltr'><strong>pertigit</strong></span> <span class='ocrx_word' id='word_1_363' title='bbox 2529 3999 2588 4063; x_wconf 90' lang='lat' dir='ltr'><strong>in</strong></span> <span class='ocrx_word' id='word_1_364' title='bbox 2619 3998 2883 4076; x_wconf 88' lang='lat' dir='ltr'><strong>Caelum,</strong></span> <span class='ocrx_word' id='word_1_365' title='bbox 2914 4009 2976 4063; x_wconf 88' lang='lat' dir='ltr'><strong>et</strong></span> <span class='ocrx_word' id='word_1_366' title='bbox 3003 4021 3129 4088; x_wconf 82' lang='lat' dir='ltr'><strong>pet</strong></span> 
     </span>
     <span class='ocr_line' id='line_1_39' title="bbox 1001 4095 3130 4188; baseline 0.002 -28"><span class='ocrx_word' id='word_1_367' title='bbox 1001 4119 1182 4182; x_wconf 86' lang='lat' dir='ltr'><strong>quam</strong></span> <span class='ocrx_word' id='word_1_368' title='bbox 1211 4095 1422 4182; x_wconf 86' lang='lat' dir='ltr'><strong>Angeli</strong></span> <span class='ocrx_word' id='word_1_369' title='bbox 1450 4099 1881 4174; x_wconf 88' lang='lat' dir='ltr'><strong>ascendebant,</strong></span> <span class='ocrx_word' id='word_1_370' title='bbox 1931 4108 1987 4162; x_wconf 88' lang='lat' dir='ltr'><strong>et</strong></span> <span class='ocrx_word' id='word_1_371' title='bbox 2015 4096 2297 4162; x_wconf 86' lang='lat' dir='ltr'><strong>Jehovah</strong></span> <span class='ocrx_word' id='word_1_372' title='bbox 2327 4099 2685 4164; x_wconf 87' lang='lat' dir='ltr'><strong>consistebat</strong></span> <span class='ocrx_word' id='word_1_373' title='bbox 2708 4120 2887 4188; x_wconf 90' lang='lat' dir='ltr'><strong>supra</strong></span> <span class='ocrx_word' id='word_1_374' title='bbox 2927 4100 3130 4178; x_wconf 83' lang='lat' dir='ltr'><strong>illam,</strong></span> 
     </span>
     <span class='ocr_line' id='line_1_40' title="bbox 1002 4195 3135 4287; baseline 0.004 -28"><span class='ocrx_word' id='word_1_375' title='bbox 1002 4195 1218 4262; x_wconf 89' lang='lat' dir='ltr'><strong>Genes.</strong></span> <span class='ocrx_word' id='word_1_376' title='bbox 1248 4197 1547 4266; x_wconf 77' lang='lat' dir='ltr'><strong>xxvl11=</strong></span> <span class='ocrx_word' id='word_1_377' title='bbox 1594 4203 1696 4264; x_wconf 79' lang='lat'><strong>12.</strong></span> <span class='ocrx_word' id='word_1_378' title='bbox 1731 4202 1833 4262; x_wconf 79' lang='lat'><strong>18.</strong></span> <span class='ocrx_word' id='word_1_379' title='bbox 1883 4197 2056 4261; x_wconf 89' lang='lat' dir='ltr'><strong>aliter</strong></span> <span class='ocrx_word' id='word_1_380' title='bbox 2098 4219 2335 4282; x_wconf 82' lang='lat' dir='ltr'><strong>prorsus</strong></span> <span class='ocrx_word' id='word_1_381' title='bbox 2373 4220 2507 4263; x_wconf 88' lang='lat' dir='ltr'><strong>cum</strong></span> <span class='ocrx_word' id='word_1_382' title='bbox 2549 4199 2685 4264; x_wconf 86' lang='lat' dir='ltr'><strong>illae</strong></span> <span class='ocrx_word' id='word_1_383' title='bbox 2729 4199 3135 4287; x_wconf 73' lang='lat' dir='ltr'><strong>Cognitiones</strong></span> 
     </span>
    </p>
   </div>
  </div>
 </body>
</html>
