3309 4775
725 398 794 454 18
964 387 1425 441 UNIVERSA
1466 387 1998 442 THECLOGIA
2040 389 2107 442 N.
2151 389 2215 442 G.
2256 389 2367 442 ΕΤ
2408 390 2475 443 Ν.
2519 389 2581 441 Ε.

719 562 861 608 vera
886 562 1039 628 quae
1069 538 1202 606 fidei
1241 549 1410 615 sunt,
1454 548 1512 603 et
1548 539 1745 628 quoad
1791 541 1949 605 bona
1996 562 2150 627 quae
2189 539 2532 616 charitatis,
2574 541 2657 605 ita
2698 543 2833 631 plus

717 653 775 707 et
805 643 934 731 plus
960 652 1169 707 contra
1200 643 1392 707 Deum
1414 687 1431 715 ,
1475 648 1533 703 et
1560 641 1734 704 simul
1779 648 1987 706 contra
2032 641 2359 729 spiritualia
2388 642 2722 715 Ecclesiae;
2774 653 2834 707 et

715 746 801 809 sic
825 742 1160 807 excluditur
1186 764 1217 805 e
1249 742 1666 805 communione
1694 763 1826 805 cum
1855 740 2098 829 Angelis
2125 741 2320 818 Caeli,
2358 763 2392 804 e
2419 763 2534 828 qua
2563 763 2697 807 cum
2725 765 2831 809 ex·

717 844 913 909 clusus
940 853 1060 918 est,
1102 864 1165 907 se
1195 843 1372 907 insert
1403 840 1459 904 in
1489 843 1968 906 communionem
2013 863 2147 907 cum
2189 843 2425 908 Satanis
2466 841 2722 919 Inferni,
2768 852 2830 908 et

716 967 902 1009 unum
932 945 1154 1028 cogitat
1185 965 1317 1007 cum
1346 941 1488 1013 illis;
1532 951 1590 1005 et
1618 963 1824 1006 omnes
1849 941 2107 1007 Satanae
2134 952 2354 1030 negant
2380 943 2609 1019 Deum,
2654 965 2726 1009 ac
2751 944 2827 1008 de

715 1047 849 1112 Deo
881 1055 937 1109 et
966 1045 1038 1106 de
1064 1043 1466 1130 spiritualibus
1493 1043 1795 1108 Ecclesiae
1823 1043 2085 1128 cogitant
2118 1042 2311 1116 satue;
2351 1043 2621 1107 similiter
2643 1042 2827 1109 homo

717 1148 1068 1232 conjunctus
1095 1145 1234 1217 illis;
1272 1144 1365 1206 hic
1395 1144 1533 1207 dum
1562 1143 1618 1207 in
1647 1144 1871 1230 Spiritu
1900 1165 2009 1207 suo
2038 1153 2145 1221 est,
2172 1145 2328 1230 quod
2361 1142 2424 1207 fit
2451 1165 2632 1231 quum
2665 1144 2826 1207 domi

715 1247 826 1313 sibi
866 1245 1125 1311 relictus,
1150 1246 1371 1331 patitur
1414 1245 1803 1330 cogitationes
1837 1243 1970 1307 duci
2011 1265 2043 1307 a
2083 1245 2354 1331 jucundis
2394 1243 2534 1308 mali
2576 1253 2635 1307 et
2674 1244 2827 1320 salsi,

717 1368 870 1433 quae
899 1346 1168 1434 concepit
1197 1354 1253 1406 et
1291 1345 1604 1440 parturigit
1633 1344 1789 1431 apud
1817 1366 1914 1421 se,
1962 1353 2102 1409 tunc
2130 1346 2352 1431 cogitat
2392 1343 2466 1407 de
2493 1344 2625 1408 Deo
2662 1344 2826 1431 quod

718 1467 839 1511 non
867 1447 977 1518 sit,
1016 1447 1116 1510 sed
1145 1445 1303 1531 quod
1330 1445 1402 1509 sit
1434 1444 1613 1508 modo
1643 1465 1762 1509 vox
1787 1466 2002 1511 sonans
2030 1467 2101 1509 ex
2131 1445 2403 1532 pulpitis,
2447 1443 2523 1509 ad
2565 1444 2828 1509 vincien-

719 1547 858 1611 dum
909 1546 1138 1633 plebem
1181 1545 1252 1608 ad
1302 1544 1696 1609 obedientiam
1737 1545 1929 1631 legum
1970 1544 2258 1631 justitiae,
2320 1565 2473 1631 quae
2515 1544 2831 1610 Societatis

715 1656 883 1719 sunt;
929 1654 989 1711 et
1015 1668 1249 1734 quoque
1279 1646 1531 1731 cogitat,
1565 1645 1724 1732 quod
1750 1645 2015 1710 Verbum
2034 1692 2051 1721 ,
2086 1667 2154 1709 ex
2181 1668 2301 1733 quo
2331 1645 2578 1711 ministri
2608 1655 2828 1712 sonant

718 1747 948 1821 Deum,
996 1748 1072 1813 sit
1118 1747 1500 1810 visionarium
1556 1756 1614 1809 et
1655 1755 2000 1832 congestum
2045 1746 2222 1832 quid,
2274 1746 2368 1810 cui
2411 1745 2706 1811 Sanctitas
2749 1768 2827 1810 ex

716 1847 1088 1912 Auctoritate
1130 1848 1367 1910 inducta
1411 1854 1528 1919 est;
1579 1856 1703 1910 tum
1735 1847 1893 1932 quod
1924 1846 2259 1933 Decalogus
2285 1868 2388 1911 seu
2417 1843 2829 1915 catechismus

716 1949 787 2014 sit
816 1947 1078 2022 libellus,
1120 1949 1219 2035 qui
1262 1956 1574 2033 postquam
1605 1947 1780 2011 tritus
1815 1956 1903 2011 est
1943 1966 1979 2010 a
2018 1948 2292 2013 manibus
2334 1968 2688 2034 puerorum,
2730 1971 2829 2014 re-

715 2047 987 2128 jectibitis
1027 2047 1134 2122 sit,
1188 2048 1375 2110 sanxit
1423 2047 1578 2109 enim
1613 2045 1773 2134 quod
1815 2056 2089 2133 parentes
2131 2046 2465 2112 honorandi
2505 2050 2652 2122 sint,
2705 2072 2831 2115 nou

717 2148 1127 2222 occidendum,
1162 2169 1278 2210 non
1309 2147 1711 2222 scortantium,
1749 2167 1867 2211 non
1898 2147 2237 2223 furandum,
2283 2169 2402 2210 non
2433 2147 2578 2213 false
2607 2157 2832 2217 testau-

717 2247 879 2323 dum,
919 2259 980 2312 et
1009 2249 1139 2334 quis
1168 2269 1287 2311 uon
1319 2269 1391 2311 ex
1418 2248 1546 2333 lege
1571 2247 1728 2313 civili
1755 2248 1962 2311 eadem
1992 2248 2134 2313 scit:
2189 2248 2261 2312 de
2291 2248 2555 2313 Ecclesia
2585 2251 2831 2337 cogitat,

715 2348 875 2436 quod
905 2348 1081 2413 modo
1107 2348 1179 2413 sit
1213 2348 1596 2436 congregatio
1624 2348 1973 2437 simplicium
1992 2397 2008 2425 ,
2050 2349 2124 2413 ad
2154 2347 2512 2414 credendum
2540 2348 2829 2433 facilium,

713 2459 772 2515 et
804 2449 1341 2539 pusillanimorum,
1380 2450 1479 2536 qui
1512 2449 1712 2513 vident
1740 2449 1899 2535 quod
1928 2471 2049 2513 non
2076 2449 2307 2514 vident:
2359 2452 2433 2515 de
2461 2448 2720 2530 homine,
2763 2465 2829 2521 et

714 2548 786 2612 de
811 2572 874 2614 se
902 2559 966 2614 ut
994 2549 1264 2625 homine,
1308 2551 1529 2636 cogitat
1556 2548 1826 2614 similiter
1865 2558 1929 2614 ut
1958 2549 2031 2612 de
2065 2550 2288 2622 hestia;
2341 2558 2403 2614 et
2431 2550 2506 2614 de
2535 2552 2654 2617 vita
2688 2566 2828 2640 post

714 2660 998 2725 mortem,
1043 2650 1312 2714 similiter
1341 2651 1501 2737 quod
1531 2650 1604 2714 de
1633 2651 1757 2715 vita
1783 2649 2009 2714 bestiae
2052 2660 2181 2737 post
2214 2649 2393 2716 illam.
2468 2652 2557 2717 Ita
2602 2655 2833 2741 cogitat

713 2749 991 2816 Internus
1016 2751 1143 2838 ejus
1173 2749 1383 2823 homo,
1427 2760 1728 2837 utcunque
1764 2748 1938 2814 aliter
1982 2749 2244 2836 loquitur
2281 2750 2605 2828 Externus3
2663 2777 2828 2833 nam,

712 2861 779 2914 ut
805 2852 1062 2927 dictum,
1103 2860 1189 2916 est
1221 2851 1408 2916 cuivis
1437 2849 1664 2914 homini
1700 2849 2009 2915 Internum
2041 2861 2100 2914 et
2130 2851 2488 2929 Externum,
2530 2864 2590 2918 et
2632 2854 2833 2922 Inter-

713 2972 855 3014 num
901 2952 1025 3037 ejus
1054 2949 1202 3021 ‚facit
1241 2951 1576 3027 hominem,
1626 2950 1727 3038 qui
1777 2958 2027 3016 vocatur
2066 2951 2349 3038 Spiritus,
2402 2961 2462 3016 et
2499 2954 2649 3019 vivit
2691 2965 2831 3042 post

716 3059 1004 3126 mortem,
1049 3059 1105 3112 et
1132 3050 1488 3127 Externum,
1536 3073 1606 3114 ex
1649 3072 1769 3137 quo
1801 3071 1906 3137 per
1948 3052 2343 3115 moralitatem
2384 3054 2507 3143 agit
2546 3053 2834 3144 hypocri-

624 3158 629 3167 '
714 3158 869 3222 tam,
913 3149 1223 3234 sepelitur;
1269 3160 1327 3213 et
1357 3159 1498 3214 tunc
1543 3160 1787 3238 propter
1827 3153 2204 3236 negationem
2233 3151 2344 3216 Dei
2385 3149 2448 3215 fit
2487 3153 2827 3222 damnatus.

714 3248 926 3314 Omnis
951 3248 1133 3313 homo
1161 3252 1353 3336 quoad
1383 3251 1670 3337 Spiritum
1698 3271 1869 3315 suum
1898 3260 1984 3314 est
2012 3252 2102 3316 sui
2134 3252 2423 3317 similibus
2449 3256 2833 3321 consociatus

711 3352 771 3412 in
800 3348 1026 3417 Mundo
1055 3348 1391 3433 Spirituali,
1439 3361 1495 3413 et
1531 3359 1618 3413 est
1645 3351 1795 3413 sicut
1833 3371 1986 3413 unus
2026 3372 2158 3414 cum
2191 3351 2333 3425 illis;
2384 3361 2444 3416 et
2482 3354 2687 3419 datum
2733 3365 2830 3421 est

711 3447 854 3513 mihi
890 3448 1124 3535 saepius
1154 3450 1355 3514 videre
1395 3449 1702 3514 hominum
1742 3449 1936 3513 adhuc
1979 3451 2301 3516 viventium
2329 3452 2584 3538 Spiritus
2622 3456 2680 3518 in
2709 3457 2830 3521 So·

706 3550 1053 3625 cietatibus,
1094 3548 1468 3637 quorundam
1515 3549 1596 3613 ibi
1639 3551 1698 3611 in
1745 3551 2055 3636 angelicis,
2108 3561 2168 3615 et
2213 3553 2586 3639 quorundam
2627 3555 2689 3619 in
2728 3557 2822 3619 in·

707 3648 1061 3725 fernalibus,
1115 3658 1174 3712 et
1215 3671 1452 3736 quoque
1496 3669 1601 3736 per
1644 3649 1767 3714 dies
1810 3650 2011 3714 datum
2053 3661 2141 3715 est
2185 3652 2347 3739 loqui
2390 3675 2523 3718 cum
2562 3655 2709 3730 illis,
2760 3665 2827 3719 et

707 3749 954 3815 miratus
977 3770 1107 3813 sum
1138 3751 1298 3836 quod
1325 3751 1448 3834 ipse
1492 3748 1671 3813 homo
1711 3750 1772 3812 in
1812 3772 1921 3814 suo
1963 3772 2215 3839 corpore
2257 3750 2452 3817 adhuc
2494 3755 2704 3820 vivens
2746 3756 2826 3820 de

701 3845 821 3914 hoc
850 3872 1091 3937 prorsus
1120 3849 1265 3913 nihil
1303 3852 1513 3913 sciret:
1567 3850 1779 3914 exinde
1813 3851 2035 3938 patuit,
2073 3850 2233 3937 quod
2262 3853 2361 3939 qui
2390 3865 2568 3940 negat
2598 3855 2824 3932 Deum,

701 3948 964 4034 jamdum
1004 3950 1159 4014 inter
1197 3950 1508 4015 damnatos
1551 3950 1657 4028 sit,
1713 3959 1774 4016 et
1820 3950 1981 4039 quod
2024 3961 2155 4039 post
2199 3961 2452 4018 mortem
2499 3955 2826 4042 colligatur

705 4049 782 4116 ad
807 4072 985 4141 ‘suom
1414 4112 1433 4129 ,

863 4154 961 4215 15.
1034 4149 1203 4217 vm.
1271 4152 1460 4233 Quon
1505 4172 1678 4218 Arm>
1720 4168 2037 4229 neumas,
2094 4171 2210 4231 Qm
2260 4171 2388 4218 uon
2433 4173 2822 4221 Aonosctm‘r

703 4261 896 4318 mum
933 4249 1150 4331 Duum,
1195 4271 1310 4318 suu
1344 4272 1600 4331 vnum,
1637 4271 1821 4322 mum
1852 4252 2196 4319 Eccnnsun
2233 4272 2622 4320 conamen.
2691 4254 2822 4335 Qui
