3309 4775
549 317 593 369 1.
635 316 828 369 DEUS
869 315 1243 369 CREATOR.
1291 348 1353 356 ——
1413 316 1777 372 OMNIPO'I'.
1824 319 2131 373 OMMSC.
2177 319 2486 372 OMMPR.
2569 331 2631 377 91

546 471 835 560 potentia;
891 480 950 533 at
976 469 1107 556 quis
1143 489 1260 533 non
1303 470 1492 546 videt,
1542 470 1701 557 quod
1744 492 1863 535 non
1903 471 2098 559 aliqua
2140 475 2451 537 necessitas
2497 476 2639 560 legis

547 573 725 661 possit
751 572 1255 662 Omnipotentiam
1288 571 1526 656 adigere
1569 571 1642 633 ad
1685 569 2012 635 faciendum
2055 573 2133 636 ita
2176 585 2232 637 et
2277 595 2393 637 nou
2435 576 2636 647 aliter;

548 683 738 749 certe,
806 674 942 736 dum
992 671 1321 758 cogitamus
1365 672 1436 733 de
1488 672 1931 758 Oinnipotcntia
1979 683 2038 737 et
2081 675 2253 738 simul
2297 676 2368 737 de
2415 675 2640 762 legibus

547 773 813 849 Ordinis,
853 772 1176 839 secundum
1206 794 1350 860 quas
1375 773 1673 859 obligatur
1701 775 2007 860 progredi,
2048 774 2262 839 cadunt
2289 776 2452 838 ideae
2484 787 2640 841 nost-

543 897 646 942 rae
674 884 1138 964 praeconceptae
1159 874 1230 937 de
1262 873 1704 959 Omnipotcntia
1731 874 1880 938 sicut
1908 897 2115 941 manus
2145 876 2336 940 fracto
2363 878 2637 963 scipione.

549 977 640 1041 Illi
670 999 802 1040 cum
833 998 925 1039 me
956 976 1226 1040 viderunt
1255 996 1436 1062 prope
1463 995 1555 1049 se,
1609 989 1992 1040 accurrerunt
2033 976 2245 1063 aliqui,
2297 987 2354 1040 et
2396 978 2455 1042 in
2497 992 2641 1065 qua-

550 1079 682 1142 dam
714 1076 1085 1141 vehementia
1115 1075 1416 1145 dixerunt;
1472 1098 1531 1139 es
1576 1087 1635 1138 tu
1676 1077 1775 1162 qui
1805 1077 2299 1166 circumscripsisti
2328 1079 2519 1143 Deum
2561 1080 2640 1143 le·

494 1189 500 1199 '
548 1178 718 1266 gibus
745 1179 893 1242 sicut
924 1176 1205 1252 vinculis,
1247 1174 1362 1238 hoc
1391 1198 1565 1261 quam
1598 1177 1867 1263 petulans
1896 1189 2012 1250 est;
2066 1178 2149 1242 sic
2182 1180 2356 1242 etiam
2390 1180 2642 1266 discerp-

549 1281 671 1345 sisti
693 1277 863 1342 fidem
896 1288 1189 1354 nostram,
1240 1298 1414 1363 super
1442 1299 1555 1361 qua
1588 1278 1871 1342 fundatur
1895 1281 2051 1343 salus
2084 1289 2312 1354 nostra,
2368 1282 2428 1344 in
2472 1282 2640 1366 cujus

550 1380 741 1445 medio
783 1379 1050 1465 ponimus
1095 1378 1371 1466 justitiam
1403 1377 1851 1464 Redemptoris‚
1902 1402 2079 1467 super
2114 1381 2209 1443 illa
2251 1381 2641 1466 Omnipoten-

547 1482 685 1545 tiam
728 1481 834 1544 Dei
867 1480 1092 1553 Patris,
1148 1487 1205 1541 et
1247 1480 1623 1564 appendicem
1665 1481 1913 1548 facimus
1950 1484 2350 1566 operationem
2391 1483 2641 1569 Spiritus

542 1582 785 1657 Sancti,
839 1591 896 1645 et
944 1581 1258 1645 efficaciam
1307 1581 1432 1663 ejus
1476 1580 1534 1643 in
1581 1581 1831 1644 hominis
1875 1582 2143 1646 absoluta
2188 1582 2529 1669 impotentia
2579 1585 2637 1646 in

541 1683 972 1770 spiritualibus,
1024 1682 1118 1745 cui
1163 1682 1301 1744 satis
1342 1691 1427 1745 est
1472 1681 1629 1767 loqui
1676 1684 1748 1745 de
1794 1682 2149 1770 plenitudine
2193 1683 2635 1766 justificationis,

540 1804 697 1870 quae
724 1806 793 1846 ex
821 1783 1265 1867 Omnipotentia
1293 1782 1404 1846 Dei
1435 1784 1578 1847 inest
1611 1783 1747 1846 fidei
1780 1785 1900 1852 isti;
1952 1784 2052 1848 sed
2092 1785 2289 1849 audivi
2317 1832 2334 1859 ‚
2388 1786 2542 1871 quod
2573 1795 2636 1848 tu

538 1885 889 1950 inanitatem
920 1886 979 1949 in
1010 1884 1107 1947 illa
1139 1884 1361 1960 videaS,
1400 1886 1535 1970 quia
1567 1885 1707 1948 nihil
1736 1886 1957 1949 ordinis
1984 1887 2182 1951 Divini
2212 1888 2290 1950 ab
2317 1884 2551 1950 homine
2581 1888 2640 1949 in

536 1985 664 2050 illa.
747 1987 858 2050 His
885 1987 1098 2050 auditis
1127 1986 1329 2069 aperui
1370 2008 1468 2061 os,
1521 1997 1577 2049 et
1618 1986 1738 2050 alta
1768 2008 1913 2050 voce
1953 1988 2199 2073 loquens
2237 1989 2384 2062 dixi,
2439 1988 2638 2051 discite

535 2089 705 2173 leges
731 2087 973 2152 Ordinis
1000 2085 1233 2161 nivini,
1286 2096 1343 2149 et
1374 2097 1573 2173 postea
1604 2088 1827 2174 aperite
1859 2088 2017 2151 illam
2058 2087 2266 2165 fidem,
2316 2100 2374 2152 et
2416 2089 2639 2151 videbi-

536 2188 617 2253 tis
658 2198 883 2255 vastam
924 2187 1327 2263 solitudinem,
1384 2198 1439 2250 et
1487 2188 1545 2250 in
1587 2186 1700 2252 bac
1743 2187 2166 2252 Leviatbauem
2212 2200 2534 2254 tortuosum
2582 2200 2640 2252 et

533 2290 905 2376 oblongum,
957 2301 1015 2353 et
1044 2289 1263 2352 circum
1312 2288 1464 2352 circa
1506 2288 1695 2365 illam,
1751 2290 1893 2352 retia
1939 2290 2360 2354 circumvoluta
2391 2293 2534 2354 sicut
2581 2292 2636 2353 in

530 2391 761 2456 nodum
810 2390 1278 2478 inexplicabilia,
1329 2390 1654 2471 sed'facite
1706 2392 1855 2454 sicut
1903 2393 2115 2476 legitur
2160 2393 2231 2455 dc
2286 2392 2641 2467 Alexandro,

533 2516 676 2558 cum
710 2493 853 2556 vidit
878 2492 1118 2556 Nodum
1151 2490 1476 2568 Gordium,
1529 2492 1686 2578 quod
1727 2493 2037 2557 nudaverit
2075 2514 2307 2568 ensem,
2363 2503 2419 2557 et
2464 2493 2642 2557 bisse-

535 2595 734 2658 cuerit
762 2594 953 2668 illum,
1009 2604 1067 2654 et
1105 2593 1186 2656 sic
1228 2592 1532 2656 contortus
1563 2594 1687 2677 ejus
1715 2594 2077 2668 dissolverit,
2131 2602 2188 2656 et
2231 2594 2542 2680 projecerit
2581 2593 2637 2654 in

533 2705 801 2769 terram,
851 2705 906 2757 et
938 2695 1133 2757 calceo
1163 2690 1257 2756 fita
1289 2695 1414 2779 ejus
1443 2694 1806 2759 contriverit.
1882 2693 1972 2757 Ad
2012 2692 2161 2757 haec
2200 2695 2355 2757 dicta
2400 2714 2642 2780 congre—

530 2796 665 2883 gati
696 2795 1046 2859 mordebant
1072 2793 1331 2879 linguas,
1385 2794 1651 2859 volentes
1692 2816 1905 2858 acuere
1944 2795 2072 2858 illas
2110 2797 2169 2856 in
2211 2794 2486 2867 dicteria,
2540 2795 2641 2856 sed

534 2918 669 2962 non
697 2897 821 2960 ausi
847 2905 1002 2968 sunt,
1023 2895 1155 2980 quia
1188 2894 1655 2980 videbantsuper
1683 2917 1773 2958 me
1789 2894 2029 2959 Caelum
2053 2904 2418 2981 apertnm,et
2446 2894 2644 2958 audie—

534 3000 691 3062 bant
720 3018 924 3060 vocem
954 2995 1107 3069 inde,
1131 2996 1454 3058 auscultate
1484 2995 1733 3081 primum
1766 3018 1893 3059 cum
1925 2997 2343 3070 moderamine,
2374 2996 2507 3082 quid
2529 2997 2644 3059 Or-

533 3101 651 3175 do,
691 3098 1009 3162 secundum
1041 3096 1205 3179 cujus
1234 3096 1392 3181 leges
1417 3096 1577 3160 Deus
1604 3096 1996 3184 Omnipotens
2024 3100 2172 3184 agiu
2214 3108 2271 3159 et
2299 3096 2444 3160 dixi:
2481 3098 2642 3160 Deus

534 3223 573 3264 a
605 3199 681 3264 Se
727 3208 790 3262 ut
818 3199 1074 3272 Ordine,
1127 3198 1185 3259 in
1226 3198 1463 3272 ordine,
1517 3199 1589 3260 ad
1637 3198 1936 3274 ordinem,
1991 3199 2208 3262 creavit
2252 3199 2637 3269 Universum;

533 3301 807 3367 similiter
835 3299 1133 3361 bominem
1163 3299 1222 3360 in
1253 3321 1379 3384 quo.
1399 3300 1558 3385 leges
1585 3300 1808 3363 ordinis
1840 3301 1926 3363 sui
1954 3299 2267 3375 stabilivit,
2321 3322 2388 3363 ex
2430 3301 2640 3384 quibus

531 3403 740 3488 imago
785 3413 842 3464 et
879 3400 1199 3465 similitudo
1244 3400 1352 3464 Dei
1395 3398 1582 3464 factus
1620 3411 1739 3476 est,
1793 3423 1943 3487 quae
1984 3403 2042 3465 in
2087 3423 2309 3465 summa
2358 3410 2523 3475 sunt,
2579 3411 2639 3462 ut

537 3504 746 3566 credat
773 3504 830 3565 in
862 3502 1092 3573 Deum,
1146 3508 1203 3562 et
1245 3511 1399 3564 amet
1434 3502 1792 3586 proximum,
1850 3512 1907 3564 et
1949 3512 2233 3587 quantum
2276 3501 2372 3564 illa
2411 3502 2526 3564 duo
2569 3523 2640 3564 ex

531 3604 796 3667 naturali
824 3603 1082 3689 potentia
1118 3600 1288 3676 facit,
1333 3612 1563 3666 tantum
1591 3623 1653 3666 se
1684 3603 2118 3689 receptaculum
2152 3603 2401 3665 Divinae
2432 3603 2639 3666 Omni·

536 3705 841 3791 potentiae
872 3703 1044 3778 facit,
1098 3714 1153 3764 et
1186 3713 1410 3767 tantum
1439 3704 1602 3768 Deus
1630 3704 1930 3787 conjungit
1958 3704 2033 3767 Se
2062 3704 2173 3777 illi,
2221 3713 2279 3765 et
2310 3703 2466 3766 illum
2496 3703 2640 3779 Sibi,

533 3803 681 3868 inde
707 3806 832 3891 ejus
866 3803 1009 3868 fides
1048 3802 1109 3866 fit
1150 3804 1284 3868 viva
1328 3812 1385 3865 et
1423 3802 1716 3879 salvifica,
1767 3813 1824 3865 et
1863 3805 1987 3889 ejus
2024 3804 2219 3868 facere
2261 3803 2324 3866 fit
2370 3803 2641 3878 charita&

534 3906 719 3969 etiam
750 3906 885 3971 viva
915 3915 973 3969 et
1004 3903 1295 3970 salvifica:
1349 3915 1408 3968 at
1447 3904 1747 3970 sciendum
1791 3915 1910 3980 est,
1965 3906 2121 3991 quod
2152 3906 2313 3970 Deus
2355 3914 2639 3992 perpetuo

533 4007 722 4082 adsit,
778 4016 835 4070 et
863 4005 1141 4072 continue
1170 4014 1413 4070 conetur
1442 4016 1499 4070 et
1526 4015 1663 4093 agat
1688 4007 1748 4071 in
1776 4003 2044 4081 bomine,
2086 4015 2143 4069 et
2172 4027 2407 4091 quoque
2435 4014 2640 4090 tangat

533 4108 797 4173 liberum
826 4109 953 4195 ejus
981 4106 1323 4182 arbitrium,
1374 4107 1474 4171 sed
1517 4127 1804 4193 nusquam
1835 4106 2046 4182 violet,
2097 4108 2143 4171 si
2184 4104 2339 4168 enim
2389 4105 2640 4167 liberum

531 4209 851 4275 arbitrium
881 4208 1133 4274 hominis
1175 4208 1457 4286 violaret,
1504 4210 1722 4299 periret
1765 4205 2056 4272 habitatio
2103 4205 2356 4270 hominis
2401 4204 2457 4265 in
2490 4205 2638 4276 Deo,
