3309 4775
727 406 758 455 [ι
952 393 1406 448 UNIVERSA
1450 392 1985 449 THEOLOGIA
2028 395 2098 451 N.
2142 393 2205 450 C.
2249 393 2358 446 ET
2398 394 2465 450 N.
2507 396 2574 445 E.

1322 591 1690 697 COAPUT
1768 592 2228 659 PRIMUM

1724 751 1831 801 DE

1130 884 1428 970 DEO
1550 882 2413 970 CREATORE.

885 1062 939 1124 4.
982 1060 1243 1125 Ecclesia
1274 1058 1604 1124 Christiana
1635 1081 1668 1122 a
1701 1068 1963 1145 tempore
1993 1058 2232 1124 Domini
2269 1057 2582 1123 transierat
2611 1066 2836 1123 aetates

726 1162 804 1227 ab
826 1160 1078 1225 Infantia
1101 1160 1174 1225 ad
1199 1162 1460 1224 ultimam
1477 1161 1823 1234 Senectam;
1856 1159 2110 1225 Infantia
2142 1161 2265 1243 ejus
2284 1159 2392 1223 fuit
2413 1170 2681 1243 tempore
2711 1180 2832 1243 quo

727 1265 1003 1328 vixerunt
1044 1259 1336 1349 Apostoli,
1383 1273 1440 1323 et
1485 1262 1544 1324 in
1587 1271 1713 1325 toto
1742 1262 1969 1325 Mundo
2000 1261 2491 1349 praedicaverunt
2517 1259 2834 1324 Paeniten-

726 1366 868 1427 tiam
895 1373 953 1425 et
980 1363 1186 1427 Fidem
1219 1363 1277 1424 in
1308 1363 1627 1444 Dominum
1657 1362 1849 1426 Deum
1878 1364 2278 1436 Salvatorem;
2326 1360 2483 1450 quod
2511 1360 2655 1426 duas
2682 1361 2832 1437 illas,

731 1472 963 1527 constat
1001 1483 1071 1526 ex
1111 1461 1202 1526 his
1238 1463 1296 1525 in
1326 1461 1488 1527 Actis
1514 1461 1969 1548 Apostolorum,
2022 1461 2306 1540 „Paulus
2344 1476 2708 1527 contestatus
2744 1478 2837 1528 est

729 1579 787 1629 et
822 1562 1085 1630 Iudaeis
1121 1577 1178 1627 et,
1220 1561 1471 1629 Graecis
1510 1563 1957 1630 Paenitentiam
2001 1563 2089 1630 ad
2129 1564 2354 1639 Deum,
2409 1577 2466 1628 et
2510 1562 2721 1628 Fidem
2767 1568 2832 1628 in

732 1666 1055 1732 Dominum
1098 1680 1364 1730 nostrum
1403 1665 1613 1730 ,Iesum
1655 1663 2013 1743 Christum,“
2054 1664 2194 1752 Cap.
2232 1666 2379 1730 XX:
2427 1668 2528 1728 21.
2600 1665 2831 1731 Memo-

731 1767 917 1832 rabile
957 1778 1071 1842 est,
1137 1768 1293 1854 quod
1339 1767 1632 1830 Dominus
1683 1777 1819 1831 ante
1866 1767 2091 1854 aliquot
2134 1768 2370 1834 Menses
2412 1765 2833 1831 convocaverit

731 1868 1041 1933 duodecim
1077 1889 1215 1932 suos
1259 1867 1621 1952 Discipulos,
1668 1889 1822 1932 nunc
1865 1868 2153 1956 Angelos,
2205 1890 2275 1932 ac
2311 1868 2440 1931 illos
2476 1867 2534 1930 in
2578 1866 2835 1933 Univer-

730 1992 858 2034 sum
886 1968 1173 2033 Mundum
1208 1968 1585 2054 spiritualem
1623 1969 1911 2044 emiserit,
1958 1990 2092 2034 cum
2135 1970 2415 2033 mandato
2456 1976 2521 2032 ut
2561 1967 2837 2055 Evange-

730 2070 873 2133 lium
905 2090 936 2131 e
964 2091 1120 2132 novo
1163 2069 1243 2132 ibi
1285 2070 1722 2157 praedicarent,
1775 2071 2053 2159 quoniam
2085 2069 2345 2135 Ecclesia
2376 2091 2410 2133 a
2437 2069 2698 2134 Domino
2728 2090 2842 2155 per

731 2171 862 2236 illos
889 2170 1211 2236 instaurata
1240 2170 1414 2234 hodie
1445 2172 1502 2234 in
1533 2180 1759 2235 tantum
1790 2182 2192 2237 consummata
2223 2180 2343 2247 est,
2382 2179 2447 2234 ut
2476 2171 2574 2235 vix
2603 2170 2837 2257 aliquae

729 2271 1014 2358 reliquiae
1056 2271 1182 2357 ejus
1219 2272 1539 2359 supersint3
1584 2282 1642 2336 et
1685 2273 1842 2359 quod
1880 2273 1994 2337 hoc
2033 2273 2329 2346 evenerit,
2371 2271 2508 2358 quia
2551 2272 2833 2336 Divinam

731 2372 1086 2439 Trinitatem
1126 2375 1184 2436 in
1227 2382 1345 2438 tres
1372 2372 1697 2449 Personas,
1753 2396 2003 2462 quarum
2044 2373 2407 2460 unaquaevis
2447 2381 2535 2438 est
2575 2372 2736 2438 Deus
2774 2383 2835 2438 et

727 2474 1049 2548 Dominus,
1093 2474 1287 2560 partiti
1321 2483 1493 2547 sunt;
1543 2485 1601 2538 et
1641 2475 1800 2561 quod
1840 2474 1975 2539 inde
2002 2475 2370 2540 emanaverit
2405 2474 2558 2539 sicut
2585 2475 2836 2562 phrene-

730 2578 808 2640 sis
835 2577 893 2639 in
923 2574 1259 2640 universam
1289 2575 1714 2661 Theologiam,
1754 2587 1814 2640 et
1852 2577 1938 2640 sic
1976 2577 2037 2639 in
2064 2576 2420 2651 Ecclesiam,
2464 2597 2615 2663 quae
2652 2597 2687 2640 a
2728 2599 2840 2641 no-

729 2679 889 2740 mine
916 2670 1514 2759 Domini-Christiana
1548 2687 1824 2751 vocatur;
1871 2676 2082 2741 dicitur
2120 2675 2449 2763 phrenesis,
2496 2677 2631 2764 quia
2677 2699 2844 2740 nien-

736 2788 824 2842 tes
848 2777 1172 2852 humanae,
1221 2799 1324 2863 per
1353 2779 1408 2842 id
1438 2779 1496 2841 in
1527 2779 1642 2841 tale
1673 2777 1941 2842 delirium
1977 2789 2143 2843 actae
2181 2787 2346 2853 sunt,
2390 2787 2452 2840 ut
2493 2799 2610 2842 non
2648 2779 2843 2842 sciant

733 2900 876 2943 num
904 2879 1065 2944 Deus
1092 2901 1242 2943 unus
1270 2880 1372 2956 sit,
1414 2880 1508 2943 vel
1535 2901 1672 2943 num
1702 2889 1822 2944 tres
1845 2880 1992 2956 sint,
2039 2901 2189 2945 unus
2216 2889 2301 2943 est
2332 2880 2390 2942 in
2424 2879 2542 2942 oris
2582 2880 2842 2965 loquela,

734 2979 836 3045 sed
865 2989 983 3044 tres
1010 2981 1068 3042 in
1097 2981 1305 3045 mentis
1334 2981 1724 3067 cogitatione,
1773 3002 1955 3068 quare
1985 2979 2221 3046 dissidet
2260 3001 2426 3043 mens
2464 2978 2540 3043 ab
2579 3001 2682 3043 ore
2709 3003 2844 3057 suo,
2931 2966 2940 2971 i

735 3103 839 3146 seu
869 3081 1149 3167 cogitatio
1178 3101 1208 3143 a
1243 3080 1474 3169 loquela
1501 3105 1638 3154 sua;
1684 3102 1753 3144 ex
1796 3105 1913 3168 quo
1942 3081 2179 3145 dissidio
2206 3081 2479 3154 resultat,
2522 3079 2679 3167 quod
2708 3081 2844 3145 nul-

737 3182 826 3246 lus
856 3180 1016 3247 Deus
1042 3181 1146 3254 sit;
1196 3181 1633 3246 Naturalismus
1672 3180 1849 3246 hodie
1878 3202 2133 3269 regnans
2159 3203 2278 3247 non
2308 3180 2544 3245 aliunde
2571 3190 2688 3256 est;
2741 3204 2847 3246 ex-

739 3284 965 3368 pende,
1012 3281 1057 3345 si
1098 3281 1271 3355 libet,
1329 3284 1464 3346 dum
1497 3306 1561 3347 os
1592 3283 1852 3367 loquitur
1882 3304 2094 3360 unum,
2140 3293 2197 3346 et
2239 3305 2403 3346 mens
2441 3283 2659 3366 cogitat
2702 3292 2848 3360 tres,

739 3405 934 3447 annon
964 3383 1121 3447 intus
1146 3382 1204 3446 in
1239 3384 1427 3447 media
1459 3386 1550 3447 via
1582 3405 1761 3446 unum
1792 3385 2069 3470 expungit
2098 3385 2345 3448 alterum
2378 3381 2655 3453 vicissim;
2699 3383 2849 3448 inde

738 3483 919 3549 homo
949 3485 1045 3549 vix
1071 3483 1242 3546 aliter
1269 3486 1338 3547 de
1370 3486 1500 3548 Deo
1529 3485 1777 3570 cogitat,
1818 3485 1864 3549 si
1904 3485 2155 3569 cogitat,
2199 3506 2373 3573 quam
2406 3506 2477 3547 ex
2504 3483 2660 3547 nuda
2694 3507 2847 3549 voce

738 3582 932 3660 Deus,
972 3585 1194 3671 absque
1222 3586 1420 3671 aliquo
1448 3607 1621 3650 sensu
1652 3586 1749 3673 qui
1778 3584 2025 3651 involvit
2055 3587 2450 3674 cognitionem
2478 3584 2619 3669 ejus.
2675 3587 2849 3667 Quo-

736 3686 895 3751 niam
935 3685 1067 3750 idea
1107 3685 1179 3748 de
1210 3686 1371 3761 Deo,
1426 3708 1556 3753 cum
1600 3687 1759 3749 omni
1803 3688 2039 3750 notione
2080 3688 2237 3770 ejus,
2279 3687 2358 3750 ita
2402 3685 2690 3773 discerpta
2734 3698 2850 3763 est,

737 3786 877 3854 volo
917 3786 976 3850 in
1014 3808 1122 3852 suo
1164 3786 1369 3850 ordine
1411 3787 1483 3851 de
1519 3787 1649 3852 Deo
1678 3787 1991 3864 Creatore‚
2037 3788 2107 3851 de
2136 3789 2390 3853 Domino
2417 3786 2848 3874 Redemptore,

735 3898 797 3955 et
824 3888 896 3954 de
923 3887 1146 3976 Spiritu
1173 3888 1391 3954 Sancto
1432 3898 1775 3977 operatore,
1816 3898 1874 3952 et
1912 3890 2147 3953 demum
2188 3891 2259 3954 de
2287 3888 2501 3954 Divina
2527 3888 2849 3967 Trinitate,

737 4011 945 4078 agere,
991 3989 1069 4053 ob
1113 4011 1382 4065 causam,
1429 3999 1494 4054 ut
1528 3990 1885 4078 discerptum
1920 3990 2314 4068 resarciatur,
2368 3988 2525 4077 quod
2559 3987 2655 4065 tit,
2699 3990 2847 4054 dum

736 4091 918 4157 Ratio
956 4089 1216 4155 humana
1247 4112 1317 4156 ex
1344 4091 1545 4157 Verbo
1575 4099 1634 4155 et
1661 4091 1795 4155 inde
1838 4090 2057 4156 lumine
2099 4092 2498 4166 convincitur,
2550 4090 2706 4178 quod
2734 4090 2850 4155 Di-

735 4192 874 4256 vina
905 4192 1165 4257 Trinitas
1201 4193 1307 4270 sit,
1352 4203 1411 4256 et
1454 4191 1611 4280 quod
1650 4191 1799 4256 haec
1838 4192 1914 4259 sit
1951 4193 2015 4258 in
2054 4193 2313 4258 Domino
2356 4193 2487 4257 Deo
2524 4192 2846 4258 Salvatore

732 4293 881 4361 Jesu
907 4292 1171 4376 Christo,
1224 4294 1376 4362 sicut
1402 4289 1646 4375 Anima,
1688 4292 1950 4384 Corpus,
1994 4302 2054 4361 et
2090 4293 2431 4361 Procedens
2470 4293 2528 4358 in
2568 4292 2847 4370 homine;
