3309 4775
1021 391 1085 435 [³²5
1236 374 1693 431 UNIVERSA
1737 374 2270 428 THEOLOGIA
2313 370 2467 427 N.'c
2528 375 2637 427 ΕΤ
2678 375 2744 430 Ν.
2787 376 2855 429 Ε.

1021 529 1178 607 mali,
1232 529 1493 618 receptio
1523 528 1947 601 damnationis3
2003 549 2108 613 per
2131 529 2472 617 Serpentem
2517 529 2863 615 intelligitur
2901 530 3104 594 diabo-

1017 639 1101 695 lus
1125 631 1319 719 quoad
1350 652 1609 696 amorem
1638 632 1725 695 sui
1759 639 1817 693 et
1857 628 2073 694 fastum
2106 632 2376 720 propriae
2403 631 2858 716 intelligentiae,
2909 641 2968 694 et
3010 632 3104 695 ille

1017 739 1197 799 ,timor
1223 743 1309 798 est
1342 753 1639 821 possessor
1673 731 1827 795 illius
1865 731 2131 806 arboris,
2185 741 2242 795 et
2282 730 2551 796 homines
2594 734 2692 817 qui
2734 732 2793 793 in
2836 730 2991 796 fastu
3030 753 3103 795 ex

1017 835 1114 899 illo
1140 856 1342 899 amore
1370 844 1503 900 sunt
1527 886 1540 906 ‚
1595 833 1729 897 illae
1758 833 2004 898 arbores
2028 842 2179 897 sunt.
2258 833 2405 897 Sunt
2438 836 2635 918 itaque
2680 832 2760 896 illi
2788 833 2849 895 in
2878 834 3105 897 enormi

1017 958 1255 1011 errore,
1300 936 1396 1022 qui
1426 936 1674 999 credunt
1711 934 2001 998 Adamum
2036 935 2293 1021 sapuisse
2321 945 2376 997 et
2409 937 2624 997 bonum
2666 932 2871 997 fecisse
2912 956 2985 997 ex
3024 957 3109 1011 se,

1017 1051 1073 1099 et
1098 1035 1212 1101 hoc
1241 1036 1412 1101 fuisse
1440 1045 1653 1100 statum
1686 1036 1809 1118 ejus
1834 1036 2215 1123 integritatis,
2271 1057 2402 1099 cum
2446 1045 2642 1098 tamen
2686 1035 2805 1121 ipse
2844 1033 3109 1100 Adamus

1017 1146 1250 1226 propter
1286 1137 1446 1201 illam
1485 1136 1661 1200 fidem
1696 1135 2040 1201 maledictus
2078 1145 2195 1210 est;
2246 1137 2361 1200 hoc
2400 1138 2554 1199 enim
2594 1133 2958 1222 significatur
3001 1158 3110 1222 per

1025 1238 1208 1303 Edere
1248 1261 1318 1301 ex
1344 1238 1558 1302 arbore
1587 1238 1864 1302 scientiae
1907 1236 2045 1302 boni
2087 1248 2146 1302 et
2186 1239 2356 1314 mali,
2408 1258 2592 1322 quare
2633 1245 2774 1300 tunc
2811 1238 3028 1300 excidit
3064 1258 3110 1300 ἐ

1017 1348 1172 1404 statu
1202 1339 1588 1425 integritatiS,
1641 1339 1739 1425 qui
1767 1338 1847 1402 illi
1879 1337 1984 1402 fuit
2026 1360 2095 1401 ex
2137 1361 2238 1413 eo,
2295 1340 2452 1425 quod
2496 1338 2761 1401 crederet
2800 1359 2861 1401 se
2899 1360 3112 1426 sapere

1018 1451 1073 1503 et
1116 1438 1336 1504 honum
1376 1437 1568 1503 facere
1609 1460 1680 1503 ex
1707 1440 1835 1504 Deo
1876 1449 1932 1503 et
1975 1439 2116 1503 nihil
2157 1461 2226 1503 ex
2266 1460 2358 1516 se,
2412 1438 2525 1502 hoc
2564 1442 2716 1501 enim
2760 1439 3114 1526 intelligitur

1025 1562 1125 1627 per
1153 1540 1344 1604 Edere
1371 1562 1441 1603 ex
1468 1539 1701 1606 Arbore
1730 1541 1901 1604 vitae.
1971 1541 2144 1606 Solus
2171 1542 2491 1613 Dominus,
2546 1562 2676 1602 cum
2707 1538 2815 1603 fuit
2846 1541 2902 1602 in
2932 1540 3116 1604 Mun-

1025 1643 1097 1707 du
1118 1690 1134 1718 ,
1186 1640 1376 1731 sapuit
1403 1664 1470 1706 ex
1497 1641 1573 1705 Se
1592 1694 1606 1718 ,
1662 1651 1720 1705 et
1747 1643 1963 1729 bouum
1997 1641 2137 1706 fecit
2178 1662 2249 1706 ex
2274 1642 2383 1718 Se,
2436 1642 2572 1728 quia
2603 1640 2795 1729 lpsum
2825 1640 3112 1705 Divinum

1021 1767 1049 1807 a
1081 1743 1385 1809 nativitate
1414 1743 1519 1807 suit
1550 1745 1609 1807 in
1636 1744 1773 1831 Ipso
1808 1753 1866 1806 et
1902 1741 2120 1832 Ipsius,
2172 1765 2359 1829 quare
2404 1744 2577 1806 etiam
2620 1762 2691 1805 ex
2729 1742 2964 1829 propria
3006 1766 3112 1831 po-

1021 1844 1198 1908 tentia
1227 1843 1416 1909 factus
1440 1853 1535 1925 ‚est
1567 1845 1936 1932 Redemptor
1975 1855 2029 1906 et
2072 1845 2365 1911 Salvator.
2437 1842 2523 1906 Ex
2567 1841 2656 1907 his
2700 1852 2756 1907 et
2799 1842 2910 1907 illis
2950 1843 3112 1908 Con·

1021 1947 1239 2010 clusum
1280 1944 1545 2009 fecerunt
1572 1945 1690 2008 hoc
1719 1945 1933 2028 „Quod
1963 1966 2065 2034 per
2090 1943 2382 2010 Arborem
2425 1945 2582 2007 vitae
2604 1994 2619 2018 ,
2671 1952 2729 2006 et
2754 1934 2875 2029 'per
2912 1943 3111 2008 Arbo-

1025 2067 1143 2108 rum
1187 2045 1464 2109 scientiae
1492 2046 1629 2111 boni
1660 2054 1717 2108 et
1746 2047 1915 2122 mali,
1966 2056 2024 2110 et
2066 2069 2170 2133 per
2199 2045 2380 2112 Esum
2423 2066 2491 2106 ex
2533 2046 2673 2120 illis,
2723 2045 3107 2130 intelligatur,

1025 2146 1175 2231 quod
1206 2146 1339 2210 Vita
1366 2147 1584 2211 homini
1625 2148 1698 2210 sit
1724 2149 1986 2213 Deus-in
2026 2147 2158 2222 illo,
2212 2158 2270 2210 et
2310 2147 2466 2234 quod
2504 2156 2644 2210 tunc
2678 2146 2732 2210 ei
2761 2144 3005 2210 Caelum
3047 2156 3110 2210 et

1025 2247 1154 2311 vita
1184 2255 1454 2321 aeterna;
1510 2257 1564 2310 et
1593 2250 1750 2334 quod
1790 2249 1953 2313 Mors
1978 2248 2195 2313 homini
2223 2249 2296 2313 sit
2328 2248 2627 2337 persuasio
2655 2256 2712 2308 et
2742 2244 2901 2322 fides,
2949 2247 3110 2334 quod

1025 2351 1139 2412 vita
1181 2345 1402 2412 homini
1443 2369 1559 2413 non
1597 2350 1671 2414 sit
1699 2351 1876 2423 Deus,
1916 2350 2015 2416 sed
2055 2351 2194 2438 ipse,
2234 2350 2386 2415 unde
2428 2350 2479 2414 ei
2513 2348 2816 2415 Infernum
2848 2358 2905 2412 et
2937 2350 3110 2415 Mors

1017 2460 1290 2525 aeterna,
1346 2471 1494 2538 quae
1525 2461 1612 2515 est
1646 2451 2007 2516 damnatio.·‘

1163 2549 1307 2614 Post
1332 2551 1479 2617 haec
1506 2553 1878 2642 inspexerunt
1907 2551 2184 2617 Chartam
2212 2554 2289 2618 ab
2315 2549 2556 2640 Angelis
2579 2572 2755 2641 super
2783 2571 2985 2616 mensa
3013 2573 3107 2615 re·

1017 2656 1243 2728 lictam,
1297 2663 1353 2717 et
1397 2653 1673 2721 viderunt
1717 2654 2139 2742 subscriptum,
2192 2653 2598 2720 Comuuorrr„
2642 2673 2782 2718 inm
2825 2650 2995 2716 Tura
3044 2672 3107 2715 m

1021 2773 1201 2820 uuam
1256 2755 1693 2829 Snumrum
1780 2765 1838 2819 et
1895 2765 2033 2819 tunc
2086 2755 2453 2842 collegerunt
2507 2755 2635 2829 illa,
2698 2762 2756 2816 et
2812 2753 3108 2825 viderunt,

1017 2856 1168 2940 quod
1197 2856 1339 2921 Tria
1367 2856 1462 2922 illa
1495 2860 1551 2921 in
1582 2878 1697 2921 una
1725 2856 1874 2922 serie
1904 2857 2321 2930 cohaererent,
2372 2865 2432 2919 et
2459 2856 2614 2942 quod
2644 2854 2823 2919 series
2847 2876 2951 2918 seu
2980 2876 3113 2917 sen-

1021 2956 1197 3019 tentia
1224 2955 1321 3020 illa
1349 2959 1422 3022 sit
1449 2957 1598 3022 haec
1640 2958 1854 3039 „Quod
1885 2959 2086 3025 Homo
2127 2966 2359 3022 creatus
2395 2957 2499 3034 sit,
2556 2969 2615 3020 ut
2660 2956 2902 3041 recipiat
2943 2978 3113 3020 amo·-

1021 3078 1144 3120 fem
1171 3065 1229 3118 et
1255 3058 1596 3144 sapientiam
1628 3079 1661 3121 a
1694 3059 1852 3134 Deo,
1906 3068 1963 3122 et
1992 3069 2189 3123 tamen
2219 3060 2277 3122 in
2305 3059 2465 3123 omui
2493 3056 2867 3122 similitudine
2895 3058 3047 3121 sicut
3080 3077 3113 3119 a

1021 3180 1115 3232 se,
1180 3165 1249 3218 et.
1278 3155 1391 3221 hoc
1437 3169 1677 3248 propter
1724 3160 2117 3247 receptionem
2163 3170 2221 3223 et
2268 3159 2775 3246 conjunctionem;
2841 3170 2900 3221 et
2948 3156 3115 3243 quod
3214 3194 3223 3209 ·

1025 3256 1151 3321 ideo
1183 3256 1358 3321 homo
1393 3280 1510 3322 non
1541 3270 1818 3322 nascatur
1856 3260 1914 3322 in
1956 3259 2211 3344 aliquem
2252 3281 2545 3335 amorem,
2600 3280 2706 3322 nec
2745 3259 2804 3322 in
2846 3259 3115 3345 aliquam

1021 3359 1352 3434 scientiam,
1407 3367 1463 3423 et
1508 3380 1578 3422 ne
1618 3359 1852 3445 quidem
1894 3361 1953 3422 in
1984 3361 2241 3445 aliquam
2270 3362 2588 3447 potentiam
2631 3360 2863 3424 amandi
2909 3371 2971 3423 et
3016 3381 3120 3424 sa-

1021 3460 1212 3544 piendi
1254 3481 1325 3522 ex
1364 3481 1457 3524 se:
1514 3468 1875 3547 quapropter
1919 3460 1965 3524 si
2011 3460 2225 3524 addicit
2265 3484 2437 3527 omne
2484 3464 2703 3527 bonum
2747 3460 3001 3536 amoris,
3056 3469 3124 3524 et

1021 3581 1190 3625 omne
1236 3582 1441 3626 verum
1485 3561 1805 3649 sapientiae
1849 3560 2012 3636 Deo,
2061 3560 2128 3625 fit
2174 3563 2369 3629 Homo
2412 3564 2611 3636 vivus;
2665 3572 2753 3628 ast
2794 3563 2842 3627 si
2886 3560 3121 3626 addicit

1021 3664 1112 3728 illa
1151 3662 1282 3737 sibi,
1336 3660 1399 3725 fit
1428 3660 1610 3726 homo
1648 3671 1975 3727 mortuus.“
2028 3662 2197 3728 Haec
2235 3663 2655 3752 inscripserunt
2694 3685 2885 3728 novae
2920 3662 3123 3727 Char·

1021 3776 1141 3840 tae,
1194 3774 1252 3826 et
1280 3762 1436 3826 hanc
1461 3772 1780 3848 posuerunt
1806 3785 1983 3850 super
2008 3767 2250 3839 Mensa;
2304 3773 2364 3829 et
2403 3787 2540 3828 ecce
2570 3765 2763 3828 subito
2793 3764 3008 3848 Angeli
3050 3764 3118 3826 in

1021 3864 1262 3934 candida
1291 3864 1447 3931 nube
1475 3864 1752 3939 aderant,
1804 3875 1861 3929 et
1892 3864 2173 3931 Chartam
2204 3866 2262 3929 in
2292 3865 2531 3930 Caelum
2578 3867 3007 3952 deportabant,
3057 3875 3124 3928 et

1021 3975 1326 4054 postquam
1361 3964 1438 4029 ibi
1479 3967 1629 4030 lecta
1671 3974 1786 4043 est,
1837 3967 2124 4033 Sedentes
2164 3988 2339 4054 super
2380 3967 2538 4031 soliis
2580 3966 2930 4031 audiverunt
2976 3965 3124 4030 inde

1021 4089 1221 4149 vaces,
1278 4067 1456 4144 bene,
1511 4068 1690 4144 bene,
1746 4069 1911 4132 bene.
2003 4069 2076 4133 Et
2125 4078 2389 4133 actutum
2441 4068 2712 4156 apparuit
2756 4068 2926 4132 Unus
2972 4067 3121 4131 inde

1021 4168 1164 4230 sicat
1207 4166 1445 4242 volans,
1498 4169 1589 4234 cui
1627 4170 1776 4233 sicut
1820 4168 1973 4231 duae
2015 4170 2142 4232 alae
2190 4167 2343 4230 circa
2392 4169 2601 4254 pedes,
2656 4178 2713 4232 et
2760 4169 2910 4232 duae
2954 4166 3122 4233 circa

1025 4280 1304 4354 tempora,
1338 4267 1532 4335 ferens
1557 4269 1843 4359 praemia,
1880 4287 2031 4354 quae
2071 4276 2238 4332 erant
2264 4266 2493 4353 Togae,
2527 4267 2694 4343 Pilei,
2725 4279 2784 4332 et
2822 4269 3127 4346 Laureae,
