3309 4775
1108 398 1173 443 52
1331 381 1792 437 UNlVEssSA
1837 382 2367 436 THEOLOGIA
2422 383 2489 435 N·
2534 383 2597 433 (Σ.
2639 382 2745 434 ΕΤ
2789 383 2854 437 N.
2901 384 2966 433 E.

1073 538 1306 627 *exiliis
1331 537 1797 610 ratiocinantur,
1850 544 1908 597 et
1938 535 2298 599 concludunt
2339 557 2484 611 ova,
2532 537 2592 599 in
2634 537 2846 623 quibus
2889 548 3024 600 sunt
3069 560 3207 601 aves

1102 640 1319 713 noctis3
1377 638 1523 703 tales
1561 660 1681 702 non
1721 637 1921 702 vocari
1964 646 2204 723 possunt
2243 638 2504 711 mentes,
2557 637 2657 701 sed
2695 639 2871 703 Oculi
2915 646 2975 700 et
3016 644 3207 702 Aures

1105 742 1330 828 absque
1364 739 1701 811 intellectu,
1751 760 1853 802 seu
1896 738 2300 823 Cogitationes
2340 740 2561 823 absque
2603 740 2828 808 anima:
2883 739 3210 825 loquuntur

1104 844 1176 906 de
1217 841 1514 905 coloribus
1554 842 1708 905 sicut
1736 838 2053 904 existerent
2092 840 2313 925 absque
2359 840 2516 914 tuce,
2568 842 2639 903 de
2682 841 2985 904 existentia
3030 842 3211 904 arbo-

1102 966 1230 1006 rnm
1259 948 1410 1007 sicut
1449 944 1669 1027 absque
1702 944 1954 1014 semine,
2009 950 2064 1004 et
2107 942 2178 1004 de
2223 942 2497 1005 omnibus
2540 941 2745 1005 Mundi
2790 942 2941 1005 sicut
2982 942 3209 1028 absque

1101 1045 1272 1118 Sole,
1325 1044 1601 1129 quoniam
1638 1043 1983 1130 principiata
2011 1041 2235 1106 faciunt
2265 1043 2574 1131 principia,
2628 1054 2685 1104 et
2714 1052 2951 1107 causata
2984 1064 3213 1118 causas,

1103 1156 1162 1209 et
1188 1147 1271 1210 sic
1299 1144 1636 1233 resupinant
1667 1144 1865 1210 omnia
1884 1195 1897 1219 ,
1940 1153 1997 1205 et
2028 1144 2256 1229 vigilias
2284 1145 2530 1208 rationis
2557 1144 2835 1230 sopiunt,
2856 1156 2909 1207 et
2942 1144 3024 1207 sic
3052 1168 3213 1209 sorn-

1105 1248 1202 1311 nia
1232 1246 1454 1312 vident.

1263 1352 1364 1412 38.
1435 1346 1511 1409 11.
1560 1346 1754 1425 Quor>
1781 1346 1951 1409 Deus
1977 1366 2071 1409 srr
2113 1365 2305 1409 lesum
2333 1345 2575 1409 Bonum
2616 1366 2692 1408 1·:·r
2733 1367 2923 1410 iesum
2950 1348 3213 1423 Verum,

1105 1470 1264 1527 QmA
1291 1447 1530 1534 Bonum
1554 1468 1663 1511 Es'r
1689 1466 1926 1510 Amoms
1943 1496 1958 1523 ,
2003 1467 2079 1510 m·
2105 1447 2341 1511 vntum
2370 1468 2477 1511 sssr
2502 1446 2894 1512 Samnitum.
2950 1447 3214 1512 Univer-

1103 1550 1306 1615 saliter
1337 1559 1538 1613 notum
1569 1558 1685 1621 est,
1742 1547 1897 1631 qnod
1930 1550 2126 1611 omnia
2154 1570 2216 1612 se
2244 1546 2505 1611 referant
2532 1549 2605 1611 ad
2641 1549 2859 1613 bonum
2893 1558 2947 1612 et
2979 1571 3215 1625 verum,

1102 1652 1377 1715 indicium
1412 1650 1568 1737 quod
1603 1650 1799 1711 omnia
1842 1670 1911 1710 ex
1943 1650 2160 1713 Amore
2192 1659 2249 1711 et
2277 1649 2573 1736 Sapientia
2622 1650 2976 1724 exstiterint,
3029 1672 3214 1716 enine

1103 1756 1256 1816 enirn
1286 1754 1442 1841 quod
1477 1750 1739 1841 prot-edit
1770 1771 1841 1813 ex
1871 1772 2105 1825 amore,
2164 1758 2410 1813 vocatur
2444 1752 2694 1826 bonnm,
2746 1749 2858 1812 boc
2894 1752 3049 1814 enirn
3079 1773 3216 1815 sen·

1104 1856 1274 1931 titur,
1329 1863 1386 1918 et
1429 1854 1780 1939 jucundum,
1838 1874 1942 1938 per
1977 1852 2134 1940 qnod
2165 1873 2333 1915 amor
2369 1872 2430 1916 se
2474 1852 2835 1926 manifestat,
2891 1862 2979 1916 est
3020 1853 3214 1916 cuivis

1106 1958 1362 2025 bonum;
1415 1975 1589 2017 omne
1632 1964 1827 2016 autem
1873 1953 1927 2016 id
1970 1953 2129 2040 quud
2163 1952 2425 2042 procedit
2470 1976 2540 2017 ex
2580 1953 2911 2042 Sapientia,
2960 1964 3217 2017 vocatur

1108 2079 1312 2119 verum
1332 2103 1349 2131 ,
1400 2055 1683 2142 sapientia
1713 2057 1865 2116 enim
1900 2077 2015 2118 non
2046 2052 2158 2117 nisi
2184 2074 2361 2140 quam
2392 2075 2460 2118 ex
2489 2055 2644 2120 veris
2672 2055 2961 2128 consistit,
2997 2064 3058 2117 et
3088 2055 3215 2119 affi-

1108 2161 1183 2219 cit
1213 2178 1317 2221 sua
1350 2156 1578 2244 objecta
1608 2176 1856 2219 amaeno
1890 2156 2050 2229 tucis,
2098 2165 2154 2216 et
2182 2153 2295 2218 boc
2323 2176 2657 2231 amaenum,
2701 2158 2839 2218 dum
2870 2156 3211 2243 percipitur,

1108 2269 1193 2322 est
1226 2278 1429 2319 verum
1458 2279 1527 2319 ex
1560 2258 1746 2324 bono:
1799 2279 1985 2342 qnare
2026 2252 2213 2320 Amor
2253 2268 2339 2321 est
2370 2259 2706 2344 complexus
2746 2257 3007 2319 omnium
3044 2257 3214 2320 boni-

1043 2401 1047 2408 ·
1110 2347 1330 2433 tatum,
1378 2368 1434 2422 et
1461 2358 1759 2445 Sapientia
1790 2367 1877 2421 est
1907 2359 2245 2443 complexus
2274 2359 2534 2424 oninium
2568 2358 2913 2432 veritatum
2967 2358 3071 2422 sed
3099 2356 3213 2423 bae

1105 2471 1165 2524 et
1194 2461 1326 2523 illae
1354 2471 1548 2524 sunta
1584 2463 1743 2533 Deo,
1798 2463 1897 2546 qui
1933 2469 2018 2525 est
2062 2461 2179 2546 ipse
2226 2462 2411 2524 Amor
2450 2470 2507 2526 et
2546 2461 2679 2524 inde
2727 2461 2909 2545 ipsum
2952 2459 3211 2535 Bonum,

1105 2585 1177 2626 ac
1204 2563 1324 2650 ipsa
1355 2560 1651 2650 Sapientia
1681 2571 1738 2625 et
1766 2562 1900 2625 inde
1927 2563 2117 2648 ipsum
2144 2559 2386 2625 Verum.
2460 2564 2603 2627 lnde
2646 2570 2765 2636 est,
2807 2562 2963 2647 quod
3004 2562 3070 2624 in
3100 2561 3210 2625 Ec·

1107 2663 1279 2726 etesia
1309 2663 1422 2726 sint
1451 2665 1568 2726 duo
1598 2664 1961 2738 essentialia,
2008 2683 2157 2747 qnae
2189 2671 2479 2728 vocantur
2506 2663 2774 2728 Charitas
2802 2673 2859 2726 et
2886 2662 3097 2736 Fides,
3142 2683 3213 2725 ex
3308 2658 3309 2663 ’

1107 2766 1320 2851 quibus
1348 2767 1544 2828 omnia
1574 2776 1629 2828 et
1659 2764 1886 2850 singula
1916 2765 2041 2851 ejus
2071 2765 2426 2839 consistunt,
2472 2774 2531 2827 et
2573 2787 2724 2850 quae
2766 2764 2825 2826 in
2865 2764 2992 2848 ejus
3024 2765 3213 2826 omni·

1110 2867 1218 2930 bus
1260 2875 1316 2927 et
1356 2866 1598 2953 singulis
1637 2878 1842 2941 erunt;
1898 2887 2074 2930 causa
2119 2877 2236 2941 est,
2289 2867 2423 2952 quia
2466 2868 2661 2930 omnia
2714 2865 2862 2928 bona
2911 2863 3216 2928 Ecclesiae

1108 2976 1243 3029 sunt
1273 2965 1604 3044 charitatis,
1659 2976 1718 3030 et
1749 2979 2036 3032 vocantur
2063 2965 2368 3042 Charitas,
2398 2970 2479 3030 'et
2511 2968 2711 3031 omnia
2742 2986 2884 3029 vera
2922 2966 3052 3046 ejus
3081 2975 3217 3029 sunt

1109 3066 1277 3143 fidei,
1331 3079 1387 3130 ct
1415 3079 1711 3133 vocantur
1738 3068 1909 3134 fides:
1964 3069 2222 3155 jucunda
2266 3067 2514 3142 amoris,
2567 3088 2719 3154 quae
2759 3067 2933 3130 etiam
2962 3076 3102 3130 sunt
3129 3067 3221 3152 ju-

1112 3168 1300 3232 cunda
1333 3169 1665 3244 charitatis,
1716 3169 1939 3234 faciunt
1969 3179 2030 3232 ut
2061 3169 2313 3252 jucunda
2346 3169 2619 3233 dicantur
2647 3169 2834 3242 bona,
2874 3176 2934 3230 et
2961 3188 3221 3230 amaena

1108 3271 1464 3357 sapientiae,
1518 3292 1671 3356 quae
1700 3272 1875 3334 etiam
1905 3280 2040 3332 sunt
2072 3290 2317 3332 amaena
2352 3269 2517 3345 fidei,
2574 3269 2797 3332 faciunt
2840 3278 2900 3330 ut
2945 3290 3090 3332 vera
3131 3269 3221 3330 di·

1108 3381 1317 3434 cantur
1361 3392 1535 3446 vera,
1591 3393 1724 3433 narn
1764 3371 2023 3458 jucunda
2066 3379 2124 3432 et
2162 3391 2408 3434 amaena
2453 3370 2672 3433 faciunt
2716 3370 2897 3433 vitam
2940 3368 3222 3440 iliorum;

1107 3475 1330 3560 absque
1356 3473 1476 3537 vita
1505 3494 1576 3534 ex
1603 3472 1747 3547 iuis,
1803 3472 1955 3533 bona
1986 3479 2045 3532 et
2074 3491 2212 3533 vera
2242 3480 2375 3535 sunt
2400 3474 2548 3535 sicut
2577 3473 2931 3546 inanimata,
2971 3479 3030 3533 et
3063 3492 3224 3558 quo·

1105 3596 1219 3659 que
1257 3583 1391 3637 sunt
1429 3573 1672 3637 sterilia.
1754 3572 1868 3637 Sed
1914 3572 2190 3636 Jucunda
2237 3573 2456 3637 amoris
2493 3582 2631 3638 sunt
2671 3571 2916 3658 duplicis
2959 3571 3227 3658 generis,

1104 3674 1372 3737 similiter
1401 3671 1699 3746 Ainaena,
1753 3695 1903 3759 quae
1946 3685 2229 3762 apparent
2268 3675 2417 3738 sicut
2456 3674 2807 3761 sapientiae;
2864 3693 3080 3757 nempe
3126 3672 3231 3758 ju-

1058 3810 1064 3819 ·
1105 3775 1298 3838 cunda
1329 3772 1564 3837 Amoris
1596 3775 1764 3848 boni,
1819 3784 1874 3837 et
1917 3775 2169 3859 jucunda
2213 3776 2430 3839 amoris
2459 3775 2629 3849 mati,
2684 3783 2740 3837 et
2778 3774 2911 3836 inde
2956 3795 3229 3839 amaena

1103 3873 1241 3938 fidei
1274 3874 1395 3939 veri
1425 3885 1485 3938 et
1512 3897 1757 3939 amaena
1787 3874 1917 3940 fidei
1945 3875 2105 3950 salsi;
2162 3877 2280 3941 duo
2311 3877 2405 3940 illa
2437 3876 2690 3960 jucunda
2720 3875 2957 3940 Amoris
2985 3876 3045 3937 in
3075 3875 3232 3940 sub-

1102 3975 1301 4063 jectis,
1355 3975 1416 4037 in
1444 3976 1654 4064 quibus
1680 3986 1845 4053 sunt,
1900 3999 1970 4041 ex
2007 3978 2341 4043 sensatione
2371 3977 2642 4053 illorum,
2695 3985 2991 4042 vocantur
3030 3977 3231 4051 bona,

1098 4086 1159 4138 et
1187 4075 1301 4140 duo
1329 4076 1427 4140 iila
1457 4099 1703 4142 amaena
1734 4077 1897 4154 fidei,
1943 4099 2014 4141 ex
2044 4079 2417 4167 perceptione
2445 4079 2677 4142 illorum
2707 4078 2883 4141 etiam
2916 4086 3231 4141 vocantur

1104 4177 1294 4250 bona,
1347 4178 1445 4241 sed
1475 4179 1613 4265 quia
1644 4180 1704 4242 in
1730 4178 2029 4242 intellectu
2056 4188 2225 4253 sunt,
2278 4198 2396 4241 non
2438 4179 2597 4242 aliud
2643 4188 2781 4244 sunt
2820 4199 2998 4264 quam
3033 4199 3223 4251 vera;

1110 4277 1335 4341 tametsi
1363 4278 1469 4341 sibi
1500 4281 1770 4367 opposita
1800 4286 1966 4356 sunt,
2022 4299 2090 4341 ac
2120 4279 2290 4343 unius
2318 4280 2536 4343 amoris
2565 4280 2785 4342 bonnm
2835 4288 2921 4345 est
2963 4280 3234 4354 bonum,
