3309 4775
764 383 806 434 1.
887 382 1115 437 DEUS
1159 382 1608 436 CREATOR.
1655 410 1721 419 -
1758 382 2097 435 UNITAS
2141 382 2308 440 DEI.
2527 397 2590 447 ¹7

489 537 800 625 Opificium
844 537 1013 600 unius
1047 536 1192 611 Dei,
1239 546 1296 597 et
1327 535 1485 620 quod
1527 536 1586 597 in
1620 534 1865 619 singulis
1905 535 2140 610 usibuS,
2194 536 2333 622 quia
2366 535 2426 600 in
2460 537 2595 616 fine,

490 639 745 710 habitet;
786 637 976 701 omnis
1019 636 1172 697 enim
1206 636 1391 722 quiin
1418 634 1535 698 fine
1566 646 1685 711 est,
1728 635 1903 697 etiam
1944 636 2004 698 in
2047 636 2251 700 mediis
2296 645 2414 714 est,
2458 660 2597 704 nam

487 740 691 802 intime
719 739 779 800 in
809 736 1084 801 omnibus
1113 736 1317 798 mediis
1345 745 1432 799 est
1461 734 1610 812 finis,
1653 735 1754 821 qui
1784 736 1905 819 agit
1933 744 1990 797 et
2021 735 2181 799 ducit
2211 736 2421 801 media.
2477 738 2597 818 Qui

491 862 608 902 non
649 838 1127 924 contemplantur
1156 836 1517 900 Universum
1560 845 1622 898 ut
1650 835 1966 922 Opificium
1998 836 2142 911 Dei,
2190 857 2262 900 ac
2302 845 2367 900 ut
2408 839 2601 904 Habi-

490 941 747 1002 tnculum
777 938 1011 1019 Amoris
1043 947 1098 1000 et
1127 936 1467 1022 Sapientiae
1499 936 1715 1022 Ipsius,
1763 936 1863 999 sed
1896 946 1956 998 ut
1987 935 2300 1024 Opificium
2332 947 2598 1015 naturae,

489 1061 558 1102 ac
600 1048 662 1102 ut
704 1036 1125 1101 Ilabitaculum
1172 1037 1384 1100 caloris
1425 1046 1481 1099 et
1515 1038 1663 1101 lucis
1702 1036 1871 1111 solis,
1919 1037 1998 1100 illi
2040 1039 2344 1123 superiora
2387 1042 2601 1104 mentis

493 1151 642 1203 suae'
662 1138 980 1202 occludunt
1011 1159 1115 1224 pro
1143 1138 1304 1211 Deo,
1348 1148 1403 1199 et
1439 1137 1725 1201 Inferiora
1770 1138 1980 1200 mentis
2010 1160 2150 1201 suae
2194 1139 2463 1225 aperiunt
2492 1163 2599 1228 pro

497 1239 736 1303 diabolo
777 1248 832 1300 et
873 1238 1008 1300 inde
1048 1247 1265 1300 exuunt
1312 1239 1655 1300 Humanum
1701 1246 1759 1299 et
1805 1238 2053 1300 induunt
2099 1236 2391 1314 ferinum,
2446 1249 2503 1302 et
2541 1262 2604 1303 se

499 1362 612 1401 non
647 1340 818 1403 modo
847 1337 1090 1401 credunt
1135 1337 1331 1400 bestiis
1358 1338 1605 1407 similes,
1651 1337 1751 1400 sed
1798 1339 1972 1399 etiam
2020 1336 2196 1408 fiunt;
2251 1336 2400 1403 fiunt
2444 1342 2601 1403 enim

499 1440 702 1525 vulpes
732 1438 926 1525 quoad
958 1441 1264 1511 astutiam,
1323 1438 1439 1523 lupi
1487 1436 1682 1522 quoad
1714 1436 1993 1500 ferociam
2015 1485 2031 1512 ,
2079 1438 2243 1522 pardi
2274 1439 2472 1523 quoad
2499 1439 2604 1503 do·

494 1540 647 1613 lum,
691 1538 929 1623 tigrides
969 1538 1164 1622 quoad
1205 1537 1544 1611 saevitiam,
1591 1535 1904 1610 crocodili,
1949 1546 2280 1621 serpentes,
2336 1539 2604 1605 bubones

494 1649 549 1700 et
583 1648 834 1702 noctuae
863 1639 1060 1722 quoad
1089 1636 1321 1701 illorum
1354 1647 1659 1700 naturam:
1711 1635 1790 1698 illi
1822 1638 1919 1722 qui
1951 1637 2097 1701 tales
2123 1648 2291 1713 sunt,
2337 1640 2513 1705 etiam
2542 1641 2604 1703 in

494 1739 720 1802 Mundo
749 1738 1050 1822 spirituali
1079 1760 1111 1800 e
1138 1738 1463 1823 longinquo
1495 1746 1781 1825 apparent
1815 1736 1927 1800 illis
1962 1737 2101 1802 feris
2140 1738 2388 1811 similes;
2433 1761 2603 1805 amor

495 1840 631 1901 mali
661 1840 898 1901 illorum
930 1840 1008 1900 ita
1039 1860 1102 1901 se
1131 1837 1360 1922 figurat.

656 1944 753 2001 14.
812 1939 944 2002 Vll.
1002 1937 1194 2016 Qoon
1222 1958 1435 2013 Ηοινιο,
1472 1960 1587 2014 Qm
1614 1958 1742 2002 nou
1773 1959 2083 2003 Aouoscrr
2113 1940 2329 2015 Deum,
2375 1960 2455 2003 AB
2484 1941 2603 2006 Ec-

493 2060 701 2105 cuasu
731 2059 828 2101 srr
860 2057 1470 2113 excommumm‘rm,
1510 2059 1586 2102 ΕΤ
1616 2058 1978 2102 ΒΑΜΝΑΤυε.
2036 2039 2212 2119 Quod
2244 2040 2454 2115 homo,
2499 2041 2603 2128 qui

498 2162 617 2203 non
646 2139 909 2224 agnoscit
940 2139 1164 2211 Deum,
1206 2139 1282 2200 ab
1312 2137 1569 2201 Ecclesia
1597 2139 2141 2202 excommunicatus
2180 2138 2254 2203 sit
2273 2188 2300 2232 ³.
2336 2151 2422 2205 est
2466 2142 2604 2228 quia

438 2317 442 2321 Α
500 2243 662 2304 Deus
690 2248 777 2301 est
817 2261 990 2302 omne
1021 2238 1354 2311 Ecclesiae,
1391 2248 1446 2301 et
1477 2238 1728 2312 Divina,
1773 2260 1925 2324 quae
1967 2251 2258 2304 vocantur
2284 2241 2604 2327 Theologi·

496 2363 583 2415 ca,
629 2340 853 2405 faciunt
880 2338 1242 2414 Ecclesiam,
1285 2360 1468 2424 quare
1501 2341 1737 2424 negatio
1766 2339 1909 2413 Dei,
1949 2349 2034 2404 est
2075 2340 2311 2426 negatio
2338 2341 2603 2408 omnium

502 2441 829 2511 E‹:clesiae;
886 2450 941 2503 et
974 2440 1121 2503 haec
1161 2441 1282 2526 ipsa
1327 2440 1565 2526 negatio
1607 2441 2071 2503 excommunicat
2118 2441 2313 2515 illum,
2357 2441 2439 2507 ita
2482 2442 2606 2529 ipse

499 2541 681 2604 homo
707 2562 801 2614 se,
842 2550 899 2603 et
930 2562 1049 2604 uon
1079 2542 1238 2605 Deus
1264 2538 1459 2603 illum:
1514 2542 1672 2624 quod
1703 2540 1797 2602 ille
1841 2542 2155 2605 damnatus
2192 2541 2301 2616 sit,
2352 2553 2437 2606 est
2466 2544 2605 2628 quia

499 2642 1042 2705 excommunicatus
1070 2643 1146 2705 ab
1177 2639 1470 2714 Ecclesia,
1519 2640 1613 2703 ille
1652 2642 1832 2702 etiam
1864 2641 2406 2706 excommunicatus
2442 2651 2531 2707 est
2574 2664 2608 2705 e

500 2742 716 2813 Caelo;
785 2741 1048 2804 Ecclesia
1102 2742 1255 2803 enim
1310 2742 1367 2802 in
1416 2742 1588 2803 terris
1634 2750 1694 2802 et
1743 2740 1987 2803 Caelum
2041 2741 2371 2823 angelicum
2426 2763 2610 2806 unum

499 2851 721 2927 agunt,
758 2842 909 2906 sicut
938 2839 1239 2903 Internum
1270 2849 1328 2902 et
1357 2840 1718 2912 Externum,
1762 2859 1833 2902 ac
1869 2841 2018 2904 sicut
2043 2839 2362 2926 Spirituale
2400 2850 2458 2904 et
2484 2843 2611 2907 Na-

501 2942 693 3006 turale
721 2942 876 3028 apud
919 2938 1250 3008 hominem:
1301 2948 1358 3008 et
1387 2938 1568 3002 homo
1613 2960 1644 3002 a
1680 2939 1809 3001 Deo
1856 2951 2089 3007 creatus
2130 2947 2251 3016 est,
2305 2949 2368 3005 ut
2411 2941 2610 3027 quoad

503 3042 810 3105 Internum
857 3063 1026 3104 suum
1073 3041 1145 3102 sit
1192 3040 1250 3101 in
1293 3040 1519 3103 Mundo
1563 3040 1886 3124 spirituali,
1943 3051 2000 3103 et
2049 3041 2244 3124 quoad
2286 3040 2611 3107 Externum

501 3165 671 3208 suum
721 3145 780 3205 in
828 3141 1050 3204 Mundo
1099 3139 1388 3212 naturali;
1444 3139 1693 3225 proinde
1739 3142 1895 3226 quod
1937 3150 2174 3208 ,creatus
2216 3143 2289 3204 sit
2332 3141 2610 3228 indigena

502 3242 808 3328 utriusque
855 3241 1094 3315 Mundi,
1152 3249 1393 3326 propter
1435 3260 1708 3313 causam,
1763 3250 1825 3303 ut
1865 3242 2198 3326 spirituale,
2251 3241 2409 3327 quod
2448 3239 2615 3306 Caeli

501 3354 624 3416 est,
670 3341 1051 3428 implantetur
1092 3341 1345 3403 naturali
1388 3340 1545 3425 quod
1589 3340 1795 3402 Mundi
1839 3351 1959 3415 est,
2008 3341 2504 3427 quemadmodum
2549 3341 2614 3407 fit

504 3465 640 3507 cum
669 3443 888 3507 semine
918 3443 978 3504 in
1006 3440 1189 3504 humo
1212 3490 1225 3513 ,
1270 3449 1330 3502 et
1358 3442 1441 3503 sic
1470 3439 1648 3503 homo
1680 3439 1780 3503 fiat
1810 3451 2084 3504 constans
2114 3451 2171 3503 et
2201 3441 2527 3526 perdurans
2552 3443 2614 3506 in

503 3552 834 3606 aeternum.
921 3542 1140 3617 Homo,
1182 3541 1280 3625 qui
1315 3563 1419 3625 per
1449 3540 1820 3624 negationem
1850 3542 1960 3605 Dei
1989 3563 2050 3605 se
2077 3544 2614 3610 excommunicavit

503 3644 584 3706 ab
613 3643 910 3714 Ecclesia,
953 3650 1012 3703 et
1049 3642 1132 3705 sic
1159 3662 1190 3703 a
1221 3640 1436 3716 Caelo,
1483 3641 1730 3703 occlusit
1770 3641 2076 3705 Internum
2118 3640 2413 3706 hominem
2456 3643 2614 3729 apud

503 3763 569 3806 se
603 3743 795 3826 quoad
839 3741 1240 3813 voluntatem,
1286 3741 1366 3803 ita
1402 3742 1595 3827 quoad
1631 3743 1922 3824 genialem
1964 3762 2134 3805 suum
2165 3762 2461 3816 amorem;
2512 3765 2615 3807 vo·

474 3830 706 3905 *luntas
732 3841 983 3904 bominis
1009 3842 1161 3902 enim
1192 3851 1277 3902 est
1309 3842 1742 3927 receptaculum
1777 3843 1995 3905 amoris
2035 3843 2192 3928 ejus,
2243 3850 2302 3905 et
2346 3841 2411 3905 fit
2448 3842 2619 3906 habi·
2690 3847 2695 3867 '

504 3941 768 4005 taculum
798 3940 1017 4029 Ῐιυῇιιεςζ
1042 3950 1103 4003 at
1131 3962 1250 4002 non
1280 3951 1469 4028 potest
1514 3940 1826 4004 occludere
1869 3941 2173 4006 Internum
2216 3963 2383 4005 suum
2426 3941 2619 4006 homi-

504 4063 643 4105 nem
675 4040 868 4127 quoad
901 4040 1288 4117 Intellectum,
1331 4062 1466 4103 nam
1495 4041 1539 4104 si
1568 4040 1685 4103 hoc
1714 4049 1909 4125 posset
1937 4050 1996 4104 et
2020 4040 2263 4116 faceret,
2290 4041 2468 4105 homo
2497 4062 2621 4104 non

499 4140 662 4206 foret
692 4140 874 4205 homo
903 4140 1188 4224 amplius,
1226 4141 1326 4203 sed
1368 4161 1540 4204 amor
1580 4139 1902 4204 voluntatis
1941 4143 2065 4228 ejus
2104 4142 2409 4229 superiora
2439 4140 2621 4204 Intel-

498 4242 692 4306 lectus
733 4239 987 4305 infatuat
1027 4238 1217 4314 falsis;
1270 4241 1410 4303 inde
1440 4240 1506 4304 fit
1534 4239 1876 4305 Intellectus
1917 4242 2081 4326 quasi
2123 4240 2390 4398 oficlusus
2420 4237 2617 4323 quoad
