3309 4775
422 0 532 296 ἐκ

1113 362 1180 412 76
1333 348 1790 403 UNIVERSA
1834 345 2364 401 THEOLOGIA
2405 347 2475 404 N.
2518 348 2581 400 G.
2624 346 2733 398 ΕΤ
2772 347 2841 403 Ν.
2880 347 2948 401 Ε.

1109 504 1452 591 Templum,
1502 502 1661 589 quod
1707 502 1880 566 toties
1921 501 2224 572 recen-uun
2279 501 2397 564 imo
2440 501 2489 567 si
2533 501 2673 565 illud
2722 502 3034 589 potuisset,
3089 522 3191 589 per

1113 605 1594 693 Redemptionem
1627 603 1760 667 Filii
1800 603 1890 669 sui
1918 603 2271 668 Universum
2310 622 2493 689 genus
2531 601 2853 666 humanum
2893 602 3055 666 nullo
3095 625 3191 665 ex-

1109 715 1275 794 cepto
1311 706 1689 779 salvavisset,
1741 713 1798 767 et
1839 713 2028 768 totum
2058 703 2361 768 Infernum
2401 703 2851 790 exstirpavisset.
2931 702 3191 768 Gentiles

1109 807 1332 893 antiqui
1376 805 1554 870 talem
1598 805 2102 892 Omnipotentiam
2145 803 2497 869 addixerunt
2541 804 2650 868 diis
2692 813 2751 867 et
2790 804 3014 869 deabus
3059 805 3194 879 suis,

1109 908 1267 973 unde
1292 915 1424 973 orta
1450 916 1585 974 sunt
1625 905 1892 971 fabulosa
1921 906 2190 981 illorum,
2242 915 2304 969 ut
2347 906 2418 969 de
2449 905 2808 970 Deucalione
2849 916 2904 968 et
2936 903 3194 995 Pyrrha,

1109 1008 1266 1097 quod
1295 1008 1516 1094 lapides
1542 1007 1679 1094 jacti
1708 1016 1836 1093 post
1866 1019 2092 1123 terga-m
2132 1005 2272 1071 sacti
2314 1004 2428 1071 sint
2466 1006 2758 1077 homines;
2811 1007 2882 1070 de
2922 1007 3198 1095 Apolline

1109 1109 1266 1198 quod
1298 1108 1605 1196 Daphnem
1635 1108 1996 1175 converterit
2026 1109 2086 1171 in
2127 1107 2388 1199 laurum;
2443 1108 2516 1172 de
2544 1107 2734 1171 Diana
2765 1108 2923 1194 quod
2951 1117 3202 1171 venato-

1109 1233 1234 1275 rem
1263 1211 1320 1273 in
1351 1232 1621 1280 cervum;
1676 1219 1733 1273 et
1774 1209 1930 1297 quod
1972 1208 2085 1272 alia
2124 1230 2196 1272 ex
2236 1208 2343 1272 diis
2380 1230 2585 1273 eorum
2630 1209 2883 1295 virgines
2921 1209 3202 1273 Parnassi

1113 1312 1357 1378 verterit
1385 1313 1444 1373 in
1474 1311 1647 1397 picas.
1724 1310 1940 1375 Similis
1968 1309 2108 1373 fides
2136 1309 2207 1372 de
2239 1309 2679 1398 Omnipotentia
2710 1310 2925 1373 Divina
2965 1320 3058 1373 est
3097 1308 3204 1373 ho-

1113 1413 1242 1488 die,
1297 1412 1449 1474 unde
1478 1420 1565 1476 tot
1594 1410 1850 1476 fanatica
1879 1421 1938 1474 et
1966 1412 2098 1475 inde
2125 1408 2422 1476 haeretica
2462 1412 2519 1473 in
2562 1413 2719 1474 omni
2749 1411 3053 1497 Regione,
3105 1410 3206 1473 ubi

1113 1511 1344 1597 Religio
1366 1561 1382 1587 ,
1422 1512 1479 1575 in
1509 1513 1797 1578 Mundum
1827 1511 1986 1576 illata
2011 1521 2167 1578 sunt.

1267 1618 1365 1677 59.
1423 1614 1521 1679 IV.
1570 1614 1759 1694 Quon
1788 1614 1956 1678 Deus
1981 1613 2337 1678 Omnsctus
2362 1634 2483 1690 srr,
2527 1633 2654 1677 noc
2679 1633 2813 1688 mr,
2852 1632 3206 1688 vencnum,

1113 1735 1382 1790 vmm'r,
1426 1735 1505 1779 Er
1534 1733 1710 1779 setar
1750 1733 1957 1780 omna
1999 1735 2076 1777 ΕΤ
2113 1733 2383 1778 swanus
2413 1735 2617 1791 usone
2657 1733 2738 1777 An
2766 1732 3208 1791 mnu-rlssmn,

1113 1837 1281 1894 QUAE
1322 1836 1512 1881 mum
1554 1835 1894 1880 stomun
1937 1815 2271 1890 Onmmm,
2336 1837 2413 1878 ET
2454 1837 2541 1880 Ex
2587 1836 2742 1879 luas
2792 1835 2993 1879 emm
3035 1836 3209 1891 Qun:

1113 1936 1297 1981 mm‘r
1328 1936 1568 1981 con-rm
1598 1915 1922 1981 Ouum-zu.
2004 1915 2181 1994 Quod
2218 1916 2379 1981 Deus
2417 1918 2488 1984 sit
2531 1916 2895 1991 Omniscius,
2947 1915 3063 1979 hoc
3097 1926 3208 1990 est,

1113 2018 1425 2132 percipiat,
1473 2016 1671 2080 videat
1698 2028 1754 2080 et
1783 2019 1928 2082 sciat
1955 2018 2185 2092 omnia,
2238 2027 2326 2083 est
2359 2018 2493 2105 quia
2537 2026 2621 2080 est
2664 2017 2786 2102 ipsa
2814 2016 3118 2127 Sapientia
3154 2026 3211 2081 et

1113 2118 1237 2204 ipsa
1282 2116 1438 2192 Lux,
1490 2128 1547 2180 et
1577 2118 1701 2203 ipsa
1735 2118 2032 2204 Sapientia
2065 2118 2308 2205 percipit
2350 2120 2580 2195 omnia,
2624 2128 2680 2181 et
2723 2118 2843 2203 ipsa
2877 2096 3007 2181 Lux
3051 2119 3213 2182 sidet

1117 2217 1350 2291 omnia;
1388 2218 1543 2303 quod
1572 2218 1736 2282 Deus
1761 2219 1832 2283 sit
1861 2220 1984 2305 ipsa
2009 2220 2329 2305 Sapientia,
2365 2240 2540 2307 supra
2570 2228 2863 2283 ostensum
2889 2229 3010 2291 θεῖς
3054 2218 3212 2306 quod

1113 2320 1189 2383 sit
1217 2318 1337 2406 ipsa
1368 2319 1527 2396 Lux,
1580 2328 1670 2384 est
1700 2321 1834 2407 quia
1869 2330 1955 2385 est
1980 2320 2084 2384 Sol
2110 2319 2271 2384 Caeli
2300 2317 2602 2408 Angelici,
2644 2324 2743 2408 qui
2784 2322 3044 2385 omnium
3089 2330 3210 2384 tam

1116 2419 1480 2507 Angelorum
1536 2442 1716 2507 quam
1771 2421 2074 2486 hominum
2129 2422 2483 2485 intellectum
2541 2423 2822 2490 illustram
2876 2444 3013 2486 nam
3065 2423 3216 2486 sicut

1114 2523 1323 2588 oculus
1368 2521 1733 2586 illuminatur
1771 2544 1803 2585 a
1835 2523 1995 2586 Luce
2033 2523 2187 2586 Solis
2227 2525 2541 2597 naturalis,
2596 2524 2673 2587 ita
2717 2522 3046 2588 intellectus
3083 2523 3216 2587 illu·

1117 2622 1377 2688 minatur
1423 2646 1456 2688 a
1502 2622 1661 2686 Luce
1708 2622 1859 2687 Solis
1897 2622 2258 2710 Spiritualis;
2311 2647 2421 2689 nec
2447 2625 2633 2688 solum
2666 2623 3062 2702 illuminatur,
3113 2623 3213 2689 sed

1119 2725 1297 2788 etiam
1327 2724 1605 2812 impletur
1630 2723 2016 2810 intelligentia
2046 2727 2363 2795 secundum
2397 2747 2656 2788 amorem
2687 2726 3003 2812 recipiendi
3035 2727 3217 2800 illam,

1119 2825 1395 2913 quoniam
1439 2826 1566 2890 Lux
1607 2823 1753 2888 haec
1793 2826 1850 2888 in
1892 2847 1998 2890 sua
2040 2828 2288 2890 essentia
2333 2837 2417 2891 est
2446 2827 2778 2912 Sapientia;
2832 2847 3017 2912 quare
3059 2826 3218 2913 apud

1115 2926 1402 2991 Davidem
1455 2927 1700 3002 dicitur,
1768 2929 1960 3008 Quon
2003 2928 2177 2991 Drus
2222 2949 2288 2992 m
2336 2928 2505 2991 Luce
2552 2947 2988 2992 maecessmm
3038 2948 3222 2992 uam-

1113 3047 1255 3098 ·rm·;
1285 3027 1464 3112 inque
1495 3026 1876 3116 Apocalypsi,
1913 3028 2139 3110 „Quod
2165 3033 2225 3093 in
2252 3029 2437 3096 Nova
2451 3027 2884 3118 Hierosolyma
2910 3053 3224 3122 nonopus

1118 3125 1375 3193 habeant
1407 3128 1675 3200 lucerna,
1702 3153 1847 3219 qma
1875 3127 2175 3193 Dominus
2203 3131 2367 3195 Deus
2397 3128 2664 3193 illustra!
2690 3127 2865 3194 illos:
2870 3141 2905 3167 “
2958 3140 3016 3193 et
3059 3131 3222 3219 apud

1115 3228 1453 3292 Johannem
1521 3228 1749 3310 „Quod
1780 3228 2087 3302 Verbum,
2142 3229 2307 3320 quod
2343 3244 2469 3295 erat
2508 3231 2678 3322 apud
2712 3229 2936 3307 Deum,
2988 3246 3047 3295 et
3088 3245 3228 3296 erat

1117 3330 1322 3405 DeuS,
1375 3333 1454 3392 sit
1502 3316 1677 3403 Lux,
1739 3353 1895 3420 quae
1942 3325 2240 3394 illuminat
2283 3355 2508 3397 omnem
2555 3330 2844 3394 hominem
2883 3335 3229 3397 mememem

1113 3434 1173 3494 in
1200 3430 1568 3503 Μιιηᾱιιηι,“
1630 3449 1734 3512 per
1760 3429 2026 3494 Verbum
2070 3428 2413 3515 intelligitur
2442 3433 2658 3497 Divina
2690 3433 3010 3520 Sapientia.
3068 3432 3225 3496 Inde

1113 3539 1235 3607 est,
1291 3531 1449 3618 quod
1477 3528 1728 3612 Angeli,
1783 3539 2071 3615 quantum
2100 3531 2158 3593 in
2186 3533 2470 3620 sapientia
2500 3544 2666 3608 sunt,
2721 3543 2949 3596 tantum
2980 3533 3043 3595 in
3074 3555 3225 3597 can-

1113 3631 1258 3695 dore
1287 3631 1432 3695 lucis
1459 3631 1614 3696 sint:
1666 3638 1725 3692 et
1752 3630 1886 3693 inde
1916 3653 2152 3717 quoque
2179 3643 2296 3710 est,
2337 3637 2494 3720 quod
2524 3636 2583 3697 in
2614 3636 2848 3710 Verbo,
2890 3634 2990 3698 ubi
3028 3634 3228 3699 nomi·

1115 3739 1294 3796 natur
1321 3731 1445 3794 Lux
1463 3781 1477 3805 ‚
1532 3729 1895 3817 intelligatur
1919 3733 2221 3820 sapientia.

1268 3837 1368 3895 60.
1425 3830 1603 3910 Quod
1638 3831 1800 3895 Deus
1840 3834 2155 3919 percipiat,
2211 3836 2439 3913 videat,
2492 3848 2548 3898 et
2592 3838 2737 3900 sciat
2782 3837 2975 3902 omnia
3026 3859 3224 3925 usque

1113 3933 1189 4000 ad
1217 3933 1633 4007 minutissima,
1687 3954 1836 4020 quae
1863 3935 2185 4000 secundum
2221 3937 2486 4003 ordinem
2519 3937 2701 4014 fiunt,
2754 3946 2842 4003 est
2875 3938 3010 4023 quia
3043 3939 3224 4002 Ordo

1113 4045 1201 4101 est
1232 4033 1597 4098 Universalis
1623 4055 1694 4098 ex
1720 4035 2223 4122 singularissimis,
2275 4059 2411 4102 nam
2455 4036 2779 4124 singularia
2808 4037 2980 4103 simul
3018 4048 3222 4102 sumta

1115 4143 1532 4222 nuncupantur
1561 4135 1940 4210 Universale,
1994 4137 2145 4201 sicut
2177 4138 2553 4221 particularia
2595 4139 2767 4202 simul
2789 4188 2790 4192 ,
2812 4147 3000 4203 sumta
3035 4137 3224 4202 Corn-

1123 4255 1328 4298 mune:
1384 4234 1727 4302 Universale
1771 4258 1886 4299 una
1930 4257 2061 4299 cum
2102 4236 2579 4322 singularissimis
2623 4239 2739 4303 suis
2783 4247 2868 4303 est
2909 4241 3076 4325 Opus
3122 4262 3225 4303 co-
