3309 4775
655 390 763 442 158
882 380 1335 435 UNIVERSA
1382 379 1917 432 THEOLOGIA
1959 380 2026 435 N.
2073 380 2136 434 C.
2183 380 2287 432 ΕΤ
2331 380 2398 434 N.
2445 382 2507 431 E.

644 536 900 601 staurari
941 533 1146 619 possit:
1203 535 1357 620 quod
1385 535 1465 596 ita
1504 534 1614 609 sit,
1655 542 1817 618 patet
1847 534 2005 599 clare
2045 533 2103 597 111
2143 531 2546 624 Apocalypsi,
2601 535 2751 619 quod

646 645 956 723 postquam
986 635 1229 700 Novum
1259 634 1500 699 Caelum
1528 634 1752 697 factum
1783 643 1888 710 est,
1922 654 1993 696 ex
2019 632 2201 698 Caelo
2240 633 2340 698 illo
2386 635 2753 699 descenderit

645 738 822 802 Nova
889 735 1341 825 Hierosolyma,
1422 755 1573 822 quae
1630 744 1719 799 est
1767 735 1944 802 Nova
2005 735 2302 809 Ecclesia,
2382 735 2525 820 Cap.
2581 735 2752 799 XXI:

654 842 706 901 1.
765 841 820 900 2.

809 942 949 1002 119.
979 935 1335 1019 ,Quod-nisi
1377 935 1735 1022 Redemptio
1778 935 1938 999 facta
1978 937 2052 999 sit
2079 957 2114 998 0
2144 934 2434 1010 Domino,
2489 955 2603 996 nec
2641 931 2758 1000 An·

648 1038 761 1123 geli
802 1038 860 1101 in
905 1045 1061 1102 statu
1098 1037 1451 1121 integritatis
1492 1035 1789 1122 potuerint
1827 1037 2173 1110 subsistere,
2228 1045 2315 1100 est
2354 1055 2569 1110 causa,
2622 1035 2759 1122 quia

651 1139 1008 1204 Universum
1039 1137 1280 1202 Caelum
1310 1135 1659 1223 Angelicum
1701 1157 1815 1199 una
1851 1158 1982 1200 cum
2014 1135 2275 1200 Ecclesia
2305 1136 2364 1198 iu
2393 1136 2606 1210 terris,
2661 1157 2759 1199 co·

648 1260 776 1303 ram
810 1239 1066 1302 Domino
1108 1246 1195 1302 est
1231 1237 1383 1302 sicut
1422 1260 1573 1302 unus
1621 1238 1852 1312 Homo,
1906 1238 2074 1323 cujus
2113 1236 2420 1301 Internum
2460 1236 2762 1300 constituit

650 1339 894 1402 Caelum
924 1339 1305 1424 Angelicum,
1361 1348 1416 1400 et
1444 1338 1768 1420 Externum
1799 1337 2090 1412 Ecclesia;
2144 1346 2247 1400 aut
2272 1335 2613 1424 specialius,
2659 1357 2758 1400 cu·

647 1440 739 1522 jus
765 1439 956 1525 Caput
981 1438 1280 1502 constituit
1310 1437 1552 1500 Caelum
1581 1460 1949 1525 supremum,
2006 1436 2221 1501 Pectus
2250 1446 2309 1500 et
2338 1436 2600 1501 Mediam
2632 1458 2759 1500 cor-

647 1540 805 1626 poris
834 1538 1164 1624 Regionem
1194 1538 1437 1602 Caelum
1480 1539 1799 1603 secundum
1841 1548 1899 1601 et
1939 1538 2241 1613 ultimum,
2288 1559 2356 1602 ac
2396 1537 2663 1602 Lumbos
2699 1548 2757 1600 et

649 1639 840 1702 Pedes
879 1638 1142 1703 Ecclesia
1187 1641 1246 1700 in
1292 1639 1493 1713 terris,
1547 1650 1606 1702 et
1650 1639 1781 1726 Ipse
1822 1634 2114 1702 Dominus
2153 1646 2240 1702 est
2272 1633 2486 1701 Anima
2531 1647 2590 1699 et
2618 1637 2757 1702 Vita

650 1740 830 1803 totius
856 1739 1028 1823 bujus
1056 1740 1359 1809 Hominis;
1400 1760 1584 1824 quare
1611 1738 1720 1803 nisi
1748 1740 2039 1802 Dominus
2065 1737 2561 1825 Redemptionem
2590 1737 2762 1803 secis-

647 1849 767 1916 set,
821 1840 1151 1904 destructus
1195 1838 1398 1905 suisset
1452 1838 1549 1901 bic
1596 1840 1827 1914 Homo;
1894 1839 2091 1925 quoad
2132 1838 2322 1902 Pedes
2368 1847 2428 1901 et
2474 1839 2758 1914 Lumbos

649 1941 888 2026 quando
918 1942 1182 2005 Ecclesia
1225 1943 1282 2004 111
1326 1941 1499 2004 terris
1536 1942 1789 2015 recedit,
1840 1939 2038 2025 quoad
2082 1938 2408 2023 Hegionem
2441 1938 2759 2025 gastricam

648 2042 884 2125 quaudo
931 2041 1174 2104 Caelum
1225 2042 1546 2116 Ultimum,
1603 2041 1799 2128 quoad
1845 2040 2180 2103 Thoracem
2228 2040 2468 2125 quando
2510 2038 2758 2103 Caelum

647 2140 1016 2216 Secundum,
1069 2150 1129 2204 et
1170 2152 1310 2205 tunc
1336 2142 1556 2228 Caput,
1609 2141 1746 2228 quia
1791 2162 1908 2204 non
1950 2140 2130 2203 babet
2171 2139 2757 2225 correspondentiam

650 2261 782 2302 cum
824 2240 1118 2327 Corpore,
1170 2242 1229 2304 in
1271 2242 1589 2328 deliquium
1633 2242 1805 2306 cadit.
1884 2241 2000 2306 Sed
2042 2239 2156 2303 hoc
2201 2261 2305 2328 per
2348 2240 2758 2305 similitudines

648 2341 1066 2416 illust1·abitur;
1118 2353 1204 2407 est
1244 2344 1391 2407 sicut
1442 2363 1574 2406 cum
1617 2342 1774 2407 Caro
1820 2341 2129 2406 morticina
2169 2340 2394 2405 invadit
2436 2342 2645 2428 pedes,
2699 2351 2759 2405 et

651 2442 1045 2506 morticinium
1078 2444 1205 2527 ejus
1247 2444 1613 2529 progressive
1652 2442 1912 2516 scandit,
1965 2463 2035 2506 ac
2076 2440 2261 2505 inficit
2308 2443 2562 2528 primum
2605 2442 2758 2505 lum·-

652 2543 791 2619 bos,
844 2552 901 2605 et
934 2544 1155 2606 deinde
1186 2545 1410 2608 viscera
1454 2544 1817 2618 abdominis,
1873 2553 1932 2607 et
1973 2542 2207 2605 tandem
2249 2543 2473 2605 invadit
2513 2543 2757 2608 vicinias

649 2641 890 2718 Cordis,
946 2644 1105 2730 quod
1148 2653 1290 2708 tunc
1320 2643 1498 2707 homo
1527 2653 1719 2708 morte
1749 2644 2128 2719 succumbat,
2182 2652 2385 2706 notum
2432 2653 2538 2707 est.
2618 2643 2756 2707 Illu-

647 2744 825 2808 strari
878 2744 1055 2807 etiam
1112 2754 1302 2832 potest
1355 2767 1459 2832 per
1510 2744 1947 2808 similitudinem
1994 2748 2125 2805 cuin
2176 2744 2396 2806 morbis
2440 2744 2752 2821 viscerum,

648 2866 799 2929 quae
828 2844 980 2908 infra
1015 2843 1418 2932 Diapbragma
1448 2855 1615 2918 sunt,
1653 2844 1810 2931 quod
1842 2844 2081 2930 quando
2110 2843 2206 2906 illa
2240 2843 2594 2919 fathiscunt,
2639 2844 2754 2910 Cor

649 2944 891 3031 incipiat
932 2945 1248 3032 palpitare,
1303 2954 1362 3008 et
1393 2946 1604 3009 Pulmo
1650 2946 1914 3030 graviter
1956 2942 2271 3018 anhelare,
2327 2953 2384 3006 et
2426 2943 2585 3030 quod
2629 2953 2756 3008 tan-

645 3043 775 3106 dem
807 3056 1049 3108 cessent.
1107 3045 1396 3109 Illustrari
1437 3045 1616 3108 etiam
1654 3054 1844 3129 potest
1880 3065 1984 3132 per
2010 3043 2452 3110 similitudinem
2497 3067 2629 3107 cum
2659 3042 2754 3107 In-

649 3152 819 3206 terno
851 3153 908 3205 et
938 3145 1198 3209 Externo
1230 3145 1500 3221 bomine,
1552 3146 1708 3231 quod
1740 3144 2015 3208 Internus
2042 3144 2222 3207 1101110
2262 3145 2489 3218 valeat,
2544 3166 2755 3229 quam-

647 3241 746 3305 diu
785 3242 1075 3307 Externus
1121 3245 1466 3310 obedienter
1508 3246 1633 3309 obit
1674 3246 1798 3330 ejus
1846 3244 2208 3319 functiones,
2263 3253 2323 3307 at
2364 3245 2412 3308 si
2464 3246 2756 3309 Externus

648 3340 829 3404 homo
875 3364 994 3405 non
1044 3344 1273 3418 obedit,
1324 3347 1425 3408 sed
1473 3355 1795 3433 repugnat,
1863 3356 1921 3407 et
1964 3344 2092 3430 plus
2130 3344 2177 3409 si
2218 3344 2381 3408 illum
2424 3345 2751 3433 impugnat,

644 3442 882 3505 tandem
928 3441 1201 3508 Internus
1239 3444 1666 3522 labefactatur,
1719 3455 1777 3509 et
1821 3446 2055 3509 demum
2098 3444 2365 3510 aufertur
2405 3467 2441 3509 a
2481 3446 2756 3532 jucundis

646 3542 918 3617 Emerui,
972 3564 1155 3630 usque
1184 3544 1324 3607 dum
1353 3547 1405 3607 ei
1435 3545 1596 3611 favet
1636 3557 1696 3609 et
1734 3546 1988 3611 assentit.
2073 3546 2149 3610 Et
2192 3567 2425 3632 quoque
2471 3547 2755 3610 illustrari

647 3651 834 3726 potest
878 3663 980 3729 per
1018 3644 1452 3708 similitudinem
1499 3667 1629 3708 cum
1675 3644 1913 3710 homine
1956 3655 2149 3710 stante
2182 3668 2360 3732 super
2397 3646 2638 3721 Monte,
2691 3655 2757 3711 et

642 3742 795 3805 infra
824 3765 884 3806 se
915 3743 1072 3806 videt
1100 3753 1287 3808 terras
1313 3743 1658 3820 mundatas,
1704 3756 1763 3810 et
1792 3748 1950 3834 quod
1983 3767 2174 3831 aquae
2202 3733 2531 3811 successive
2559 3767 2756 3809 055111·-

644 3853 818 3927 gant,
872 3853 931 3907 et
985 3865 1116 3907 cum
1171 3846 1247 3908 ad
1299 3844 1700 3922 altitudinem,
1751 3847 1811 3910 in
1866 3867 1980 3932 qua
2037 3848 2158 3933 ipse
2212 3855 2361 3921 stat,
2416 3854 2750 3931 emergunt,

640 3941 818 4006 etiam
847 3944 944 4008 ille
981 3944 1334 4020 inundatur,
1385 3946 1494 4009 nisi
1537 3968 1643 4033 per
1682 3947 1981 4033 quandam
2023 3947 2393 4022 naviculam,
2451 3967 2601 4033 quae
2641 3967 2753 4033 per

639 4043 826 4107 undas
855 4045 1051 4121 alluit,
1103 4046 1278 4110 saluti
1318 4068 1457 4111 suae
1497 4047 1675 4131 possit
1716 4048 2059 4111 consulere:
2113 4046 2379 4112 similiter
2413 4039 2465 4110 si
2506 4045 2635 4134 quis
2672 4067 2749 4110 ex

643 4141 852 4205 Monte
884 4145 1040 4206 videt
1081 4145 1324 4208 densum
1366 4146 1626 4208 nimbum
1674 4147 1799 4231 plus
1824 4157 1881 4210 et
1913 4147 2039 4233 plus
2068 4168 2098 4210 e
2128 4155 2285 4211 terra
2326 4156 2752 4232 assurgentem,

645 4250 705 4303 et
743 4243 1201 4308 abscondentem
1243 4266 1517 4331 campoS,
1571 4244 1739 4310 villas
1767 4255 1827 4309 et
1853 4248 2062 4323 urbes,
2104 4258 2162 4311 et
2198 4258 2401 4335 postea
2431 4247 2567 4311 dum
2599 4247 2753 4311 nim-
