3309 4775
879 375 919 424 1.
1004 373 1230 426 nnus
1274 372 1720 429 causton.
1777 403 1843 414 -
1903 333 2323 430 cumve.
2573 389 2643 437 99

545 526 795 598 tellectu,
837 525 936 588 sed
968 525 1143 589 modo
1171 546 1240 588 ex
1269 526 1484 590 auditis
1502 525 1670 613 quod
1697 525 1925 590 Natura
1943 528 2027 590 -sit
2057 548 2088 590 a
2119 527 2269 601 Deo,
2300 525 2643 616 frequenter

543 626 767 711 loquuti
798 634 966 698 sunt,
1019 635 1078 688 et
1104 626 1385 712 frequens
1412 626 1644 713 loquela
1674 647 1744 689 ex
1773 628 2056 690 memoria
2089 637 2148 690 et
2188 628 2640 706 reminiscentia,

542 727 768 790 tametsi
796 748 913 791 non
944 726 1119 789 simul
1144 747 1215 788 ex
1246 726 1603 811 cogitatione
1635 735 1692 790 et
1719 726 2136 813 intelligentia,
2187 728 2366 792 insert
2389 730 2639 817 speciem

543 826 687 889 fidei.
767 827 912 890 Post
938 825 1086 889 haec
1115 827 1250 889 data
1283 836 1369 890 est
1396 827 1630 891 Satanis
1669 828 1965 902 custodia,
2019 838 2076 892 et
2106 850 2234 891 cum
2267 827 2496 893 duobus
2522 825 2644 895 An·

546 927 681 1012 gelis
723 927 1112 991 ascenderunt
1151 927 1210 991 in
1239 927 1518 1002 Caelum,
1571 948 1641 991 ac
1688 927 1961 991 viderunt
2005 927 2313 1013 magnilica
2356 935 2414 992 et
2450 929 2645 1018 splen-

545 1028 708 1101 dida,
761 1037 818 1090 et
849 1037 988 1090 tunc
1018 1029 1075 1092 in
1103 1027 1493 1090 illustratione
1535 1049 1569 1091 a
1611 1027 1742 1091 luce
1784 1028 1929 1092 caeli
1974 1029 2052 1091 ibi
2084 1039 2457 1114 agnoverunt
2485 1031 2642 1117 quod

545 1128 703 1191 Deus
748 1130 850 1200 sit,
907 1137 965 1190 et
1007 1129 1166 1214 quod
1211 1128 1446 1192 Natura
1496 1135 1697 1191 creata
1743 1127 1818 1191 sit
1865 1129 1936 1192 ad
1985 1129 2420 1192 inserviendum
2468 1132 2644 1205 vitae,

548 1249 696 1314 quae
726 1250 761 1290 a
789 1229 917 1293 Deo
950 1237 1069 1302 est,
1121 1237 1180 1289 et
1208 1228 1364 1314 quod
1394 1228 1628 1292 Natura
1660 1228 1715 1289 in
1747 1248 1808 1289 se
1842 1238 2075 1292 mortua
2104 1230 2208 1303 sit,
2263 1237 2322 1291 et
2364 1228 2521 1315 quod
2563 1230 2647 1293 sic

548 1349 579 1390 a
608 1349 667 1392 se
698 1326 839 1390 nihil
868 1336 1022 1411 agat,
1054 1329 1154 1392 sed
1185 1349 1216 1390 3
1249 1329 1368 1390 vita
1399 1337 1628 1413 agatur.
1688 1327 1809 1391 Illis
1837 1329 1973 1393 visis
1999 1337 2058 1390 et
2089 1331 2376 1416 perceptis
2403 1330 2645 1393 descen·

464 1454 475 1465 ·
548 1429 788 1501 derunt,
842 1437 899 1490 et
939 1428 1088 1491 sicut
1134 1428 1595 1517 descendebant)
1651 1426 1825 1491 rediit
1866 1449 2037 1492 amor
2078 1428 2248 1502 mali,
2302 1439 2362 1492 et
2402 1430 2645 1493 occlusit

546 1513 905 1590 intellectum
936 1529 1168 1592 illorum
1199 1550 1405 1614 supra,
1448 1536 1506 1589 et
1536 1529 1763 1615 aperuit
1793 1527 1954 1590 illum
1985 1526 2136 1591 iufra
2159 1577 2175 1604 ,
2213 1538 2272 1591 et
2300 1537 2440 1593 tuuc
2465 1551 2643 1615 supra

546 1628 702 1689 illum
747 1630 1015 1716 apparuit
1049 1629 1198 1691 sicut
1246 1627 1654 1691 umbraculum
1697 1628 2003 1714 fulgurans
2047 1650 2116 1691 ex
2160 1630 2295 1715 igne
2340 1629 2642 1700 infernali;

544 1737 600 1790 et
627 1738 888 1791 actutum
919 1750 1050 1790 cum
1090 1730 1413 1812 tetigerunt
1460 1739 1675 1792 terram
1721 1729 1998 1816 pedibus,
2053 1727 2261 1793 hiabat
2302 1731 2490 1794 solum
2534 1730 2643 1794 sub

545 1830 683 1904 iltis,
737 1839 795 1892 et
825 1828 1037 1915 relapsi
1063 1838 1196 1892 sunt
1228 1830 1298 1892 ad
1329 1851 1477 1892 suos.

697 1934 797 1992 78.
866 1931 1171 2009 TmrrmM
1198 1931 1639 1994 Memonxmm.
1711 1929 2002 1992 Postridie
2032 1928 2104 1993 ad
2137 1952 2228 1994 me
2257 1922 2424 1993 renit
2448 1931 2644 2018 Ange-

545 2032 631 2099 lus
657 2051 726 2092 ex
758 2029 870 2107 alia
898 2030 1195 2095 Societate
1225 2031 1415 2101 Caeli,
1464 2039 1522 2092 et
1549 2031 1721 2101 dixit,
1770 2030 2102 2094 audivimus
2131 2030 2241 2105 ibi,
2283 2031 2441 2117 quod
2471 2053 2641 2119 prop·
2680 2102 2684 2106 ,

545 2141 635 2194 ter
663 2131 1103 2194 meditationem
1134 2131 1203 2194 de
1233 2130 1546 2194 Creatione
1579 2130 1853 2194 Universi
1883 2132 2193 2196 arcessitus
2232 2132 2310 2195 sis
2352 2132 2412 2193 in
2442 2131 2644 2195 Socie-

546 2241 723 2294 tatem
756 2240 986 2294 nostrae
1018 2232 1444 2317 propinquam,
1482 2240 1538 2293 et
1566 2232 1724 2315 quod
1756 2232 1833 2293 ibi
1866 2227 2202 2296 narraveris
2230 2231 2302 2294 de
2331 2230 2644 2296 Creatione

549 2333 716 2407 talia,
772 2333 1150 2418 quibustuae
1177 2332 1483 2406 faverunt,
1539 2341 1594 2395 et
1626 2342 1825 2417 postea
1868 2332 2067 2396 laetati
2111 2341 2277 2406 sunt;
2334 2352 2445 2419 ego
2487 2354 2645 2397 nunc

546 2435 651 2514 tibi
685 2437 1066 2507 monstrabO,
1102 2435 1416 2519 quomodo
1446 2431 1741 2496 Animalia
1772 2442 1828 2498 et
1859 2434 2226 2517 Vegetabilia‘
2255 2435 2444 2496 omnis
2472 2456 2647 2521 gene-

496 2594 506 2601 ,
547 2533 625 2596 ris
654 2554 686 2595 3
718 2534 845 2597 Deo
875 2536 1158 2619 producta
1185 2543 1352 2603 sunt;
1406 2543 1465 2596 et
1495 2532 1736 2595 deduxit
1767 2556 1856 2595 me
1888 2536 1944 2595 in
1974 2534 2156 2596 latum
2187 2534 2475 2618 Campum
2509 2534 2649 2596 viri-

545 2634 712 2706 dem,
762 2643 819 2704 et
851 2634 1024 2708 dixit,
1081 2634 1495 2722 circumspice,
1547 2643 1602 2695 et
1632 2634 2049 2720 circumspexi,
2104 2644 2161 2696 et
2196 2633 2309 2695 vidi
2337 2628 2649 2718 Avespul·

547 2733 841 2796 cherrime
883 2734 1203 2810 coloratas,
1257 2734 1540 2819 quasdam
1573 2735 1870 2805 volantes,
1928 2733 2207 2819 quasdam
2256 2754 2434 2817 super
2475 2733 2651 2795 arbo-

548 2834 712 2896 ribus
756 2832 1058 2909 sedentes,
1112 2845 1166 2895 ct
1219 2835 1502 2918 quasdam
1546 2855 1725 2920 super
1772 2855 1975 2919 campo
2025 2832 2227 2897 foliola
2272 2841 2650 2917 excerpentes

545 2932 721 3005 rosis;
777 2934 929 2995 in-ter
967 2954 1108 2996 aves
1148 2936 1324 2996 etiam
1367 2942 1535 2996 erant
1572 2933 1898 2997 Columbae
1940 2943 1993 2996 et
2038 2934 2245 3021 Cygni.
2326 2933 2647 3019 Postquam

542 3033 692 3101 haec
710 3056 752 3096 ,3
783 3044 1097 3121 conspectu
1131 3057 1262 3096 meo
1295 3043 1693 3102 evanuerunt.
1751 3034 1866 3094 vidi
1907 3054 2029 3097 non
2057 3032 2264 3118 procul
2302 3053 2335 3095 a
2377 3054 2469 3096 me
2498 3031 2647 3096 Gre-

542 3153 648 3220 ges
674 3135 874 3198 ovium
906 3157 1039 3222 cnm
1071 3136 1267 3219 agniS,
1319 3133 1641 3198 haedorum
1675 3143 1731 3195 et
1760 3154 2101 3217 caprarum,
2155 3133 2210 3195 et
2240 3133 2458 3197 circum
2490 3134 2646 3197 circa

541 3255 753 3321 greges
782 3235 911 3299 illos
939 3237 1057 3300 vidi
1087 3221 1371 3300 Armenta
1413 3257 1479 3297 ex
1511 3233 1714 3297 Bobus
1748 3243 1807 3296 et
1835 3234 2073 3309 Vitulis,
2129 3243 2251 3296 tum
2288 3254 2360 3296 ex
2392 3232 2648 3298 Camelis

541 3346 605 3399 et
650 3325 856 3407 Minis,
914 3346 969 3398 et
1017 3338 1075 3399 in
1121 3337 1376 3421 quodam
1430 3335 1560 3397 luco
1599 3334 1825 3398 Cervos
1863 3335 1995 3396 cum
2045 3334 2174 3397 altis
2220 3334 2532 3410 cornibus,
2587 3343 2648 3396 et

542 3459 783 3522 quoque
815 3437 1160 3501 Unicornes.
1234 3437 1372 3500 Post
1403 3434 1546 3499 haec
1577 3436 1698 3499 visa
1716 3477 1734 3508 ,Δ
1786 3434 1958 3510 dixit,
2013 3444 2292 3498 con-verte
2321 3433 2530 3498 faciem
2572 3432 2644 3498 ad

542 3537 888 3611 Orientem,
943 3548 1000 3600 et
1047 3539 1166 3600 vidi
1212 3538 1505 3609 Hortum,
1557 3539 1614 3597 in
1659 3558 1776 3623 quo
1804 3534 2066 3599 Arbores
2104 3534 2360 3609 fructus,
2416 3532 2648 3599 Auran-

540 3638 699 3709 tiae,
754 3635 930 3712 Ciu-i,-
983 3639 1206 3711 Oleae,
1263 3637 1454 3711 Vites,
1519 3638 1727 3710 Ficus,
1803 3635 2253 3719 Malogranata,
2306 3644 2365 3697 et
2409 3653 2646 3721 quoque

540 3735 987 3823 Arbustalquae
1029 3739 1299 3802 ferebant
1334 3740 1562 3800 baccas.
1642 3736 1854 3800 Postea
1900 3736 2075 3810 dixit,
2127 3745 2323 3823 specta
2370 3756 2526 3797 nunc
2573 3734 2645 3798 ad

539 3838 890 3913 Meridiem‚
944 3851 1001 3901 ct
1034 3840 1150 3901 vidi
1178 3840 1398 3903 Messes
1427 3860 1496 3900 ex
1534 3837 1682 3901 varii
1723 3839 1953 3923 generis
1994 3835 2336 3911 frumentis,
2389 3857 2459 3899 ex
2500 3835 2648 3899 triti·

537 3936 661 4010 εἰς,
717 3938 917 4013 mitiis,
970 3937 1237 4014 hordeis,
1291 3949 1345 4001 et
1393 3938 1573 4013 fabis,
1627 3946 1686 3999 et
1728 3940 1947 3999 circum
1991 3934 2087 3999 illa
2118 3936 2356 4000 Floreta
2399 3956 2469 3998 ex
2499 3935 2648 3999 rosis

538 4035 795 4121 pulchre
840 4038 1282 4124 variegantibus
1325 4039 1581 4101 colores:
1652 4038 1725 4099 ad
1767 4036 2237 4124 Septentrionem
2284 4045 2480 4099 autem
2525 4034 2647 4098 Ne-

539 4159 716 4199 mora
749 4138 919 4222 plena
950 4140 1269 4214 castaneiS,
1323 4139 1558 4225 palmis,
1615 4138 1781 4209 tiliis,
1837 4136 2114 4224 platanis,
2170 4133 2227 4199 et
2256 4136 2382 4199 aliis
2418 4133 2649 4196 arbori-

538 4238 657 4301 bus
702 4235 976 4301 foliaceis.
1062 4239 1171 4303 His
1220 4239 1354 4304 visis
1397 4239 1568 4313 dixit,
1624 4246 1757 4300 sunt
1805 4237 2004 4299 omnia
2050 4237 2184 4309 illa,
2238 4253 2389 4318 quae
2433 4231 2647 4301 vidisti,

2109 4328 2232 4393 G*
