3309 4775
527 390 567 443 Ι.
610 387 793 440 DEUS
836 386 1211 442 CREATOR.
1271 418 1337 426 --
1381 387 1743 439 ΟΜΝΙΡΟΤ.
1789 385 2097 443 OlthlSC.
2144 387 2455 441 OMNIPR.
2537 390 2603 447 83
2643 429 2652 440 .

529 542 731 604 malum
764 552 820 603 et
849 542 981 604 inde
1012 540 1220 605 falsum
1250 562 1321 602 ex
1345 562 1405 603 se
1436 562 1556 605 non
1600 541 1729 628 plus
1770 540 1994 614 valeat,
2036 563 2212 627 quam
2260 541 2428 629 piscis
2468 563 2609 606 con-

530 655 610 705 tra
641 644 976 718 Oceanum,
1032 663 1208 727 quam
1240 642 1410 729 pulex
1454 653 1661 707 contra
1705 639 2046 717 balaenam,
2100 652 2157 705 et
2200 663 2374 729 quam
2419 642 2609 728 pulvis

523 753 717 807 contra
748 752 1006 807 montem
1036 743 1379 824 cadentem,
1418 753 1478 807 et
1506 741 1691 807 multo
1723 742 1910 807 minus
1938 764 2113 829 quam
2148 744 2370 807 locusta
2402 752 2610 809 contra

522 845 911 931 elephantem,
969 854 1072 907 aut
1104 865 1298 907 musca
1340 854 1542 908 contra
1575 843 1896 907 camelum:
1953 853 2011 905 et
2038 844 2275 930 insuper
2301 843 2479 910 homo
2507 844 2610 909 ad-

524 945 629 1008 huc
655 946 844 1012 minus
873 957 1080 1009 contra
1112 945 1325 1008 malum
1370 954 1425 1008 et
1467 945 1602 1008 inde
1642 944 1852 1010 falsum
1886 946 2041 1026 valet
2065 994 2080 1020 ,
2131 945 2266 1029 quia
2311 954 2481 1009 natus
2520 955 2607 1009 est

525 1048 577 1108 in
609 1048 856 1121 malum,
912 1058 968 1109 et
1006 1047 1222 1107 malum
1253 1056 1458 1110 contra
1485 1047 1737 1134 seipsum
1770 1067 1885 1109 non
1919 1055 2108 1132 potest
2137 1066 2328 1132 agere.
2410 1045 2495 1110 Ex
2522 1046 2612 1110 his

525 1149 814 1233 sequitur,
868 1149 1025 1235 quod
1070 1147 1174 1210 nisi
1216 1146 1393 1210 homo
1439 1146 1758 1210 secundum
1802 1147 2085 1211 Ordinem
2133 1148 2309 1222 vivit,
2353 1146 2467 1211 hoe
2507 1158 2613 1221 est,

530 1249 629 1310 nisi
656 1251 922 1335 agnoscit
949 1249 1173 1321 Deum,
1229 1247 1415 1336 Ipsius
1442 1247 1978 1335 omnipotentiam,
2034 1257 2091 1310 et
2131 1269 2201 1311 ex
2228 1247 2339 1310 hac
2366 1248 2609 1311 tutelam

524 1359 723 1411 contra
757 1348 1090 1422 Infernum‚
1133 1359 1254 1413 tum
1287 1349 1392 1412 nisi
1422 1347 1598 1413 homo
1632 1371 1665 1412 a
1694 1371 1795 1413 sua
1825 1357 1990 1436 parte
2019 1350 2195 1412 etiam
2226 1358 2443 1435 pugnet
2474 1371 2609 1412 cuin

523 1449 671 1512 malo
702 1451 852 1537 apud
887 1472 978 1523 se,
1036 1471 1171 1512 narn
1212 1447 1325 1513 hoc
1368 1472 1479 1513 una
1524 1472 1653 1512 cum
1697 1450 1797 1513 illo
1836 1462 1921 1514 est
1961 1450 2215 1525 ordinis,
2266 1470 2388 1512 non
2430 1450 2610 1536 possit

522 1552 687 1613 aliter
717 1573 892 1637 quam
931 1551 1199 1636 immergi
1230 1550 1460 1615 inferno
1508 1560 1563 1613 et
1607 1551 1940 1636 submergi,
1997 1560 2053 1611 et
2091 1550 2168 1612 ibi
2199 1551 2296 1636 agi
2340 1572 2373 1614 a
2420 1550 2607 1628 malis,

517 1674 631 1713 uno
658 1657 786 1737 post
815 1652 1096 1725 alterum,
1153 1654 1300 1715 sieut
1332 1652 1543 1743 cymba
1573 1652 1628 1713 in
1659 1653 1805 1715 mari
1835 1673 1867 1715 a
1899 1652 2186 1740 procellis.

668 1758 768 1816 69.
828 1751 1000 1831 Quod
1044 1752 1222 1817 bomo
1256 1764 1482 1817 tantum
1517 1754 1573 1816 in
1604 1754 1888 1840 sapientia
1932 1754 2002 1816 de
2050 1753 2208 1816 bono
2250 1763 2308 1817 et
2350 1775 2494 1818 vero
2537 1776 2608 1818 ex

517 1853 730 1916 Divina
748 1853 1180 1936 *omniscientia
1210 1856 1311 1928 sit,
1363 1864 1647 1941 quantum
1678 1855 1996 1918 secundum
2027 1854 2310 1917 Divinum
2339 1853 2606 1920 ordinem

517 1956 689 2029 vivit,
735 1965 820 2018 est
849 1977 1054 2030 causa,
1097 1957 1230 2041 quia
1262 1957 1451 2021 omnis
1479 1977 1644 2019 amor
1676 1956 1815 2019 boni
1843 1966 1901 2018 et
1929 1956 2121 2018 omnis
2145 1954 2429 2042 sapientia
2460 1958 2606 2035 veri,

515 2078 617 2118 seu
645 2078 819 2118 omne
848 2050 1064 2120 bonum
1095 2058 1314 2120 amoris
1340 2068 1399 2120 et
1428 2077 1602 2122 omne
1636 2079 1839 2120 verum
1869 2058 2221 2143 sapientiae,
2260 2066 2349 2122 est
2375 2078 2410 2121 a
2439 2058 2603 2129 Deo;

511 2156 668 2242 qnod
699 2158 775 2221 ita
805 2159 908 2232 sit,
962 2161 1136 2220 etiam
1181 2168 1268 2223 est
1294 2160 1613 2222 secundum
1653 2158 2076 2222 confessionem
2113 2158 2375 2221 omnium
2404 2158 2604 2224 Eccle-

512 2260 730 2321 siarum
776 2259 834 2321 in
876 2257 1210 2323 Christiano
1254 2260 1453 2332 Orbe;
1509 2281 1577 2322 ex
1624 2260 1837 2346 quilius
1872 2261 2170 2344 sequitur,
2225 2259 2382 2346 quod
2422 2258 2603 2324 homo

515 2382 632 2422 non
675 2361 849 2449 possit
894 2361 951 2423 in
999 2358 1119 2423 ullo
1162 2382 1304 2424 vero
1352 2361 1671 2448 sapientiae
1719 2360 1964 2424 interius
2007 2382 2165 2436 esse,
2216 2360 2322 2425 nisi
2370 2382 2403 2426 a
2452 2362 2604 2438 Deo,

516 2462 652 2546 quia
684 2462 814 2526 Deo
843 2462 1264 2527 Omniscientia
1294 2474 1414 2537 est,
1464 2463 1577 2527 hoc
1613 2474 1730 2537 est,
1787 2461 2009 2526 infinita
2050 2463 2353 2548 sapientia.
2436 2464 2609 2528 Mens

514 2563 770 2625 humana
819 2564 1084 2628 distincta
1131 2572 1216 2628 est
1259 2565 1314 2626 in
1364 2573 1482 2630 tres
1528 2565 1772 2651 gradus,
1827 2563 2318 2645 quemadmodum
2362 2563 2604 2627 Caelum

513 2663 893 2749 Angelicum,
937 2673 995 2727 et
1024 2665 1158 2727 inde
1189 2674 1376 2750 potest
1402 2667 1461 2728 in
1489 2666 1849 2755 superiorem
1885 2662 1941 2726 e't
1968 2664 2328 2747 superiorem
2360 2663 2606 2749 gradum

510 2764 775 2840 elevari,
820 2774 875 2827 et
907 2786 1142 2851 quoque
1185 2776 1374 2853 potest
1415 2767 1473 2829 in
1515 2766 1850 2829 inferiorem
1893 2775 1951 2825 et
1995 2762 2331 2827 inferiorem
2371 2764 2606 2842 deferri,
2644 2762 2648 2767 ’

510 2876 799 2952 quantum
841 2875 1036 2929 autem
1078 2868 1137 2928 in
1175 2867 1394 2951 gradus
1433 2867 1766 2954 superiores
1803 2865 2095 2937 elexatur,
2144 2874 2371 2928 tantum
2412 2866 2471 2928 iu
2516 2888 2606 2931 sa-

508 2966 823 3052 pientiam,
877 2968 1012 3053 quia
1042 2978 1270 3030 tantum
1300 2967 1359 3028 in
1389 2968 1577 3030 lucem
1609 2966 1801 3041 Caeli,
1853 2974 1910 3028 et
1950 2963 2062 3027 hoc
2100 2986 2216 3028 non
2249 2976 2438 3053 potest
2477 2965 2603 3032 fieri

509 3068 620 3131 nisi
649 3088 681 3130 a
713 3069 873 3137 Deo;
930 3078 986 3129 et
1028 3078 1310 3155 qnantum
1355 3066 1491 3131 illuc
1530 3068 1827 3142 elevatur,
1882 3075 2105 3129 tantum
2148 3077 2235 3132 est
2275 3066 2486 3143 homo,
2541 3078 2602 3132 at

505 3180 795 3255 qnantum
828 3170 882 3230 in
914 3171 1130 3253 gradus
1158 3168 1462 3233 inferiores
1489 3167 1771 3239 defertur,
1815 3178 2041 3231 tantum
2073 3167 2130 3229 in
2160 3166 2349 3232 lucem
2377 3167 2601 3233 fatuam

504 3269 752 3346 inferni,
807 3279 863 3335 et
892 3279 1116 3333 tantum
1149 3292 1265 3334 non
1299 3279 1383 3333 est
1410 3270 1606 3345 homo,
1651 3269 1751 3332 sed
1787 3270 2002 3337 bestia;
2047 3269 2223 3333 homo
2250 3270 2425 3334 etiam
2465 3271 2600 3335 ideo

498 3380 621 3435 stat
651 3383 881 3435 erectus
906 3395 1081 3459 super
1109 3373 1381 3460 pedibus,
1432 3381 1492 3433 et
1532 3371 1682 3435 facie
1725 3379 1946 3458 spectat
1989 3391 2191 3435 versus
2227 3371 2488 3446 caelum,
2540 3381 2600 3435 et

497 3471 661 3535 hanc
692 3483 877 3560 potest
906 3473 1139 3538 elevare
1166 3474 1238 3537 ad
1266 3473 1487 3546 zenith,
1544 3481 1602 3536 at
1632 3472 1816 3536 bestia
1844 3473 1976 3536 ideo
2005 3482 2120 3534 stat
2145 3493 2323 3560 super
2356 3472 2600 3558 pedibus

496 3574 561 3634 in
593 3574 712 3636 situ
748 3574 1023 3659 parallelo
1072 3597 1202 3638 cum
1251 3584 1442 3645 terra,
1497 3597 1566 3636 ae
1608 3582 1732 3638 toto
1781 3574 1945 3636 vultu
1991 3572 2129 3636 illuc
2176 3584 2433 3660 spectat,
2484 3596 2596 3637 nec

484 3684 701 3760 potest
733 3676 835 3737 nisi
877 3697 1008 3738 cum
1041 3676 1401 3760 aegritudine
1439 3675 1598 3738 illum
1630 3673 2014 3739 extollere‘ad
2040 3672 2290 3738 caelum.
2373 3674 2596 3751 Homo,

493 3778 601 3860 qui
638 3778 711 3835 ad
745 3768 932 3837 Deum
963 3778 1155 3840 elevat
1185 3787 1435 3839 mentem
1466 3799 1660 3851 suam,
1717 3785 1773 3838 et
1803 3775 2066 3861 agnoscit
2096 3775 2252 3862 quod
2282 3797 2457 3839 omne
2498 3798 2597 3839 ve-

488 3897 637 3938 rum
668 3876 986 3962 sapientiae
1027 3881 1101 3939 ab
1141 3879 1275 3965 lpso
1314 3880 1420 3953 sit,
1473 3887 1529 3940 et
1571 3877 1744 3941 simul
1771 3876 2092 3940 secundum
2134 3877 2398 3940 ordinem
2431 3876 2599 3953 vivit,

482 3987 583 4041 est
616 3976 770 4040 sicut
799 3978 897 4063 qui
926 3977 981 4040 in
1013 3979 1235 4042 excelsa
1268 3980 1413 4042 turri
1439 3987 1586 4053 stat,
1638 3988 1697 4040 et
1727 3978 1885 4040 videt
1916 3977 2254 4065 populosam
2297 3978 2595 4043 civitatem

479 4077 659 4141 infra
688 4101 782 4152 se,
837 4088 894 4140 et
921 4079 1091 4142 simul
1121 4079 1392 4167 quicquid
1422 4079 1502 4142 ibi
1530 4079 1587 4141 in
1618 4080 1822 4165 plateis
1854 4080 2075 4165 agitur3
2130 4087 2188 4142 at
2228 4078 2439 4152 bomo,
2493 4079 2596 4165 qui

477 4176 817 4244 confirmat
846 4181 997 4267 apud
1024 4201 1116 4257 se,
1172 4183 1329 4268 quod
1371 4201 1546 4243 omne
1587 4203 1791 4243 verum
1836 4179 2151 4268 sapientiae
2199 4179 2272 4241 sit
2312 4199 2383 4241 ex
2424 4187 2594 4241 natu-

472 4281 602 4345 rali
638 4281 864 4345 lumine
892 4281 1046 4371 apud
1077 4303 1169 4359 se,
1223 4282 1300 4346 ita
1345 4302 1377 4344 a
1418 4304 1510 4357 se,
1562 4290 1648 4344 est
1680 4281 1828 4344 sicut
1856 4280 1953 4366 qui
1983 4280 2041 4341 in
2069 4297 2331 4341 caverna
2359 4276 2469 4337 snb
2492 4275 2593 4335 illa

1744 4381 1750 4389 .
2063 4379 2112 4440 F
2141 4375 2178 4414 ᾗ
