3309 4775
649 422 753 472 172
886 406 1349 462 UNIVERSA
1394 404 1930 458 THEOLOGIA
1972 403 2038 456 N.
2082 403 2145 457 C.
2185 402 2294 454 ΕΤ
2337 402 2404 456 Ν.
2449 403 2513 453 Ε.

644 565 993 627 effluxerunt
1022 563 1152 638 illa,
1201 563 1351 628 sicut
1381 582 1449 624 ex
1479 581 1597 623 uno
1626 558 1801 624 Falso
1830 556 1974 622 falsa
2018 557 2077 618 in
2108 555 2388 619 continua
2416 555 2599 630 serie,
2655 564 2758 619 aut

643 664 792 730 sicut
821 686 891 728 ex
921 663 1084 728 Cado
1114 663 1262 727 aceti
1294 684 1413 726 non
1463 661 1569 724 nisi
1612 681 1789 746 quam
1837 666 2103 733 acetum,
2157 665 2257 718 aut
2300 676 2370 719 ex
2417 657 2622 720 Mente
2669 657 2756 718 in-

567 776 577 792 ·
643 785 787 830 sana
818 787 938 828 non
969 764 1074 826 nisi
1104 785 1281 850 quam
1311 764 1611 833 insanum;
1669 780 1740 822 ex
1768 780 1886 822 uno
1914 758 2067 821 enim
2095 755 2391 822 Concluso
2424 766 2759 844 sequuntur

645 863 1017 933 theoremata
1064 864 1323 949 ejusdem
1373 863 1713 951 prosapiae,
1785 860 1973 922 latent
2015 858 2172 922 intus
2215 857 2274 918 in
2319 856 2652 933 Concluso,·
2699 868 2757 921 et

644 966 973 1031 successive
1003 964 1138 1029 inde
1171 964 1495 1053 prodeunt,
1549 972 1609 1026 et
1637 983 1708 1025 ex
1737 961 1836 1023 illo
1864 960 1936 1022 de
1963 959 2245 1024 Passione
2278 959 2468 1021 crucis
2497 956 2658 1045 quod
2684 958 2761 1022 sit

652 1065 1038 1153 Redemptio,
1093 1066 1262 1155 plura
1305 1062 1502 1128 adhuc
1540 1062 1887 1127 scandalosa
1928 1070 1985 1124 et
2017 1060 2147 1124 Deo
2188 1059 2576 1143 ignominiosa
2620 1080 2759 1147 pos-

644 1173 785 1229 sunt
814 1166 1050 1254 prodire
1080 1176 1139 1230 et
1168 1164 1466 1253 protrahi,
1506 1184 1692 1251 usque
1722 1172 1787 1226 ut
1815 1161 1949 1235 fiat,
1988 1161 2138 1225 sicut
2179 1159 2313 1221 dicit
2357 1158 2567 1243 Esaias
2609 1157 2759 1234 „Sa-

648 1263 864 1330 cerdos
890 1280 947 1331 et
973 1265 1282 1360 Propheta
1311 1277 1512 1330 errant
1529 1287 1647 1356 per
1674 1266 1960 1336 siceram,
2014 1260 2268 1326 titubant
2302 1257 2575 1347 judicie,
2631 1284 2755 1323 om·

645 1388 756 1431 nes
800 1389 1043 1432 mensae
1073 1365 1298 1460 plenae
1328 1378 1471 1429 sunt
1509 1367 1746 1430 vomitu
1786 1366 2114 1454 egestionis
2134 1373 2190 1436 ‚“
2246 1360 2403 1447 Cap:
2450 1360 2752 1426 XXVIII:

652 1471 712 1543 τ,
762 1468 848 1529 8.·

808 1571 953 1632 133.
1030 1566 1117 1629 Ex
1159 1566 1286 1630 idea
1325 1565 1440 1631 hac
1484 1568 1556 1632 de
1586 1567 1717 1632 Deo
1759 1562 1818 1628 et
1859 1566 1932 1628 de
1960 1563 2425 1650 Redemptione,
2477 1563 2753 1627 universa

646 1665 977 1754 Theologia
999 1716 1015 1743 ‚
1060 1688 1093 1731 a
1120 1668 1407 1754 spirituali
1437 1667 1591 1731 sacta
1619 1677 1709 1731 cst
1738 1665 1937 1729 infime
1968 1666 2283 1737 naturalis,
2333 1662 2489 1749 quod
2521 1661 2582 1725 fit
2619 1663 2755 1749 quia

651 1769 1040 1857 proprietates
1068 1790 1229 1832 mere
1257 1768 1557 1833 naturales
1586 1769 1716 1834 Deo
1754 1767 2075 1831 attributae
2115 1775 2281 1838 sunt,
2334 1773 2388 1828 et
2434 1771 2633 1827 tamen
2679 1763 2754 1827 ab

648 1870 779 1932 idea
808 1870 920 1934 Dei
950 1879 1009 1933 et
1037 1869 1113 1933 ab
1143 1869 1271 1933 idea
1313 1868 1795 1955 Redeinptionis,
1850 1887 2000 1954 quae
2041 1888 2221 1929 unum
2267 1865 2406 1929 facit
2444 1887 2576 1926 cum
2625 1862 2756 1927 Sal-

650 1969 918 2046 vatione,
958 1969 1170 2059 pendet
1200 1992 1374 2034 omne
1402 1969 1729 2041 Ecclesiae;
1784 1977 1871 2031 est
1897 1968 2049 2031 enim
2080 1967 2178 2030 illa
2206 1967 2338 2030 idea
2364 1965 2514 2030 sicut
2545 1965 2757 2050 Caput,

651 2091 724 2132 ex
751 2092 868 2156 quo
898 2071 1224 2156 procedunt
1254 2072 1450 2134 onmia
1480 2069 1776 2157 corporis,
1828 2089 2012 2156 quare
2041 2067 2178 2130 dum
2211 2067 2311 2131 illa
2358 2075 2444 2131 est
2484 2065 2759 2154 spiritua-

649 2169 751 2244 lis,
803 2170 999 2233 omnia
1032 2169 1326 2234 Ecclesiae
1357 2169 1504 2234 fiunt
1531 2169 1891 2256 spiritualia,
1932 2178 1987 2232 et
2015 2169 2152 2231 dum
2183 2169 2281 2231 illa
2324 2175 2411 2230 est
2451 2166 2758 2241 naturaliS,

652 2269 849 2331 omnia
881 2268 1178 2334 Ecclesiae
1207 2269 1352 2334 fiunt
1382 2272 1709 2346 naturalia,
1765 2278 2126 2356 quapropter
2166 2268 2302 2354 quia
2343 2267 2475 2332 idea
2516 2267 2587 2330 de
2628 2266 2760 2330 Deo

651 2377 712 2433 et
740 2369 811 2434 de
841 2368 1273 2460 Redemptione
1306 2371 1460 2437 facta
1494 2381 1583 2437 est
1627 2393 1787 2435 mere
1825 2370 2143 2445 naturalis,
2192 2369 2308 2433 hoc
2346 2376 2461 2444 est,
2516 2389 2760 2433 sensua-

650 2470 719 2534 lis
748 2480 809 2533 et
838 2492 1158 2557 corporea,
1211 2472 1345 2537 ideo
1375 2495 1535 2537 mere
1568 2471 1861 2536 naturalia
1904 2480 2043 2537 sunt
2086 2472 2316 2545 omnia,
2372 2483 2526 2555 quae
2556 2468 2763 2534 Eccle-

610 2585 614 2588 “
649 2570 772 2636 siae
814 2571 1021 2657 Capita
1063 2582 1121 2636 et
1161 2574 1433 2638 Membra
1474 2574 1531 2636 in
1576 2573 1696 2637 suis
1735 2570 2085 2658 dogmaticis
2128 2571 2497 2635 tradiderunt
2541 2579 2598 2631 et
2641 2577 2762 2631 tra-

648 2672 826 2736 dunt:
882 2674 1040 2758 quod
1073 2673 1207 2737 inde
1241 2696 1360 2738 non
1390 2675 1498 2738 nisi
1530 2695 1708 2760 quain
1750 2672 2149 2760 falsapossint
2178 2670 2442 2746 excludi,
2495 2678 2584 2733 est
2620 2669 2762 2755 quia

648 2774 936 2838 naturalis
962 2773 1446 2838 homo‘continue
1477 2776 1597 2861 agit
1625 2784 1833 2836 contra
1863 2771 2259 2861 spiritualem,
2311 2780 2368 2834 et
2412 2769 2546 2833 inde
2591 2768 2765 2855 spiri-
2811 2839 2820 2847 ,

648 2871 829 2939 t'ualia
872 2885 1095 2962 spectat
1134 2876 1284 2939 sicut
1313 2876 1511 2940 larvas
1546 2884 1603 2939 et
1646 2872 2056 2962 phantasmata
2100 2872 2160 2934 in
2201 2878 2369 2944 a‘e‘re3
2421 2891 2608 2957 quare
2643 2869 2769 2933 dici

649 2983 873 3058 potest,
926 2977 1082 3062 quod
1115 2984 1356 3063 propter
1394 2976 1724 3040 sensualem
1766 2973 1923 3037 illam
1973 2973 2164 3036 ideam
2213 2973 2284 3035 de
2325 2972 2768 3058 Redemptione

529 3128 540 3137 .
651 3083 709 3135 et
753 3074 888 3137 inde
936 3076 1008 3138 de
1057 3076 1224 3152 Deo,
1278 3076 1408 3141 viae
1458 3076 1531 3138 ad
1577 3074 1855 3147 Caelum,
1928 3094 2079 3160 quae
2126 3082 2274 3137 sunt.
2310 3073 2384 3136 ad
2432 3071 2771 3136 Dominum

652 3172 846 3235 Deum
895 3175 1303 3251 Salvatorem,
1362 3177 1634 3240 obsessae
1663 3175 1777 3238 sint
1820 3173 2047 3238 furibus
2086 3183 2143 3237 et
2186 3173 2547 3249 latronibus,
2601 3169 2773 3235 Joh:

653 3272 741 3337 X:
790 3277 849 3347 1,
892 3278 948 3347 8,
994 3279 1048 3347 9.
1105 3285 1162 3337 et
1212 3278 1370 3362 quod
1410 3277 1470 3338 in
1509 3275 1776 3361 Templis
1817 3274 2028 3340 valvae
2070 3275 2335 3360 dejectae
2377 3273 2525 3347 sint,
2578 3281 2637 3335 et
2677 3272 2780 3335 sie

648 3373 1004 3436 intraverint
1033 3373 1351 3451 dracones,
1398 3378 1626 3451 ululae,
1684 3376 1840 3461 tzjim
1871 3384 1927 3438 et
1954 3374 2110 3462 ijim,
2141 3395 2209 3439 ac
2240 3374 2588 3439 discorditer
2615 3360 2778 3437 con·

653 3481 907 3536 centent.
976 3472 1150 3552 Quod
1190 3475 1339 3542 haec
1375 3477 1506 3541 idea
1537 3480 1608 3541 de
1638 3476 2069 3561 Redemptioue
2111 3487 2169 3539 et
2214 3476 2287 3538 de
2317 3476 2476 3550 Deo,
2527 3475 2780 3559 ingesta

646 3574 722 3637 sit
769 3570 900 3636 fidei
947 3572 1303 3654 hodiernae,
1355 3587 1561 3641 notum
1607 3586 1730 3654 est,
1788 3596 1939 3663 quae
1991 3583 2076 3640 est
2121 3586 2186 3639 ut
2233 3586 2406 3640 orent
2445 3574 2519 3638 ad
2560 3575 2778 3637 Deum

647 3674 888 3739 Patrem
912 3723 929 3752 ,
981 3684 1044 3736 ut
1078 3686 1320 3765 propter
1348 3700 1581 3743 crucem
1611 3688 1670 3740 et
1696 3677 2041 3763 sanguinem
2072 3669 2203 3741 Filii
2245 3677 2332 3740 sui
2366 3676 2628 3739 remittat
2659 3675 2785 3738 de·

649 3774 817 3851 licta,
872 3786 928 3840 et
957 3775 1030 3839 ad
1059 3776 1252 3842 Deum
1282 3778 1496 3843 Filium
1524 3789 1587 3842 ut
1616 3789 1746 3843 oret
1777 3786 1835 3840 et
1876 3778 2199 3841 intercedat
2233 3799 2340 3864 pro
2380 3776 2523 3851 illis,
2579 3784 2637 3837 et
2690 3776 2782 3840 ad

645 3876 841 3940 Deum
886 3877 1152 3966 spiritum
1199 3888 1468 3944 sanctum
1518 3888 1584 3943 ut
1624 3877 1900 3965 justificet
1946 3887 2004 3940 et
2046 3876 2401 3951 sanctificet3
2458 3875 2596 3963 quid
2639 3874 2784 3941 hoc

646 3976 804 4040 aliud
834 3989 954 4056 est,
1012 4000 1188 4065 quam
1219 3977 1551 4068 supplicare
1580 3978 1654 4042 ad
1687 3989 1803 4044 tres
1830 3980 1991 4043 Deos
2017 3980 2079 4043 in
2104 4001 2210 4044 suo
2241 3978 2478 4053 ordine,
2522 3985 2582 4039 et
2615 3977 2786 4063 quid

645 4086 788 4140 tnnc
816 4079 1097 4165 cogitatio
1127 4078 1201 4143 de
1229 4079 1542 4165 Regimine
1571 4079 1793 4145 Divino
1823 4080 1937 4142 alia
1980 4102 2155 4165 quam
2188 4079 2259 4142 de
2287 4077 2597 4165 Regimi'ne
2623 4074 2790 4141 Ari-

649 4178 965 4260 stocratico
1005 4187 1105 4241 aut
1143 4177 1571 4251 Hierarchico;
1626 4188 1728 4241 aut
1770 4180 1920 4242 sicut
1957 4178 2031 4243 de
2074 4178 2516 4254 Triumviratu,
2568 4178 2817 4262 qualis

649 4276 829 4339 semel
873 4276 979 4341 fuit
1020 4273 1284 4352 Romae,
1344 4287 1400 4339 at
1448 4297 1553 4362 pro
1595 4278 2004 4342 Triumviratu
2048 4282 2246 4345 vocari
2290 4288 2477 4367 potest
2516 4276 2791 4342 Trium-
